{"retCode":1,"retMsg":"Partial Data Returned: the requested data is out of trial data range","data":[{"secID":"000007.XSHE","publishDate":"2016-12-07","endDate":"2016-09-30","endDateRep":"2016-09-30","partyID":8,"ticker":"000007","secShortName":"全新好","exchangeCD":"XSHE","actPubtime":"2016-12-06 19:53:30","mergedFlag":"1","reportType":"Q3","fiscalPeriod":"3","accoutingStandards":"CHAS_2007","currencyCD":"CNY","tRevenue":11057036.22,"revenue":11057036.22,"TCogs":13803674.35,"COGS":3242546.35,"bizTaxSurchg":292158.01,"adminExp":10634009.24,"finanExp":-1087322.1,"assetsImpairLoss":722282.85,"fValueChgGain":1058954.49,"investIncome":4658574.9,"operateProfit":2970891.26,"NoperateIncome":3181484.7,"NoperateExp":570661.2,"TProfit":5581714.76,"incomeTax":-3333521.1,"NIncome":8915235.86,"NIncomeAttrP":6603749.97,"minorityGain":2311485.89,"basicEPS":0.0286,"dilutedEPS":0.0286,"othComprIncome":1602748.59,"TComprIncome":10517984.45,"comprIncAttrP":8206498.56,"comprIncAttrMS":2311485.89},{"secID":"000007.XSHE","publishDate":"2016-12-07","endDate":"2016-09-30","endDateRep":"2016-09-30","partyID":8,"ticker":"000007","secShortName":"全新好","exchangeCD":"XSHE","actPubtime":"2016-12-06 19:53:30","mergedFlag":"1","reportType":"CQ3","fiscalPeriod":"9","accoutingStandards":"CHAS_2007","currencyCD":"CNY","tRevenue":28220936.93,"revenue":28220936.93,"TCogs":45401635.82,"COGS":8427465.24,"bizTaxSurchg":1219781.01,"adminExp":36565523.19,"finanExp":-2048510.74,"assetsImpairLoss":1237377.12,"fValueChgGain":39810906.47,"investIncome":10319454.76,"operateProfit":32949662.34,"NoperateIncome":3208619.1,"NoperateExp":3604325.4,"TProfit":32553956.04,"incomeTax":6444374.84,"NIncome":26109581.2,"NIncomeAttrP":17387780.18,"minorityGain":8721801.02,"basicEPS":0.0753,"dilutedEPS":0.0753,"othComprIncome":-2502589.28,"TComprIncome":23606991.92,"comprIncAttrP":14885190.9,"comprIncAttrMS":8721801.02},{"secID":"000007.XSHE","publishDate":"2016-12-01","endDate":"2016-09-30","endDateRep":"2016-09-30","partyID":8,"ticker":"000007","secShortName":"全新好","exchangeCD":"XSHE","actPubtime":"2016-11-30 18:00:00","mergedFlag":"1","reportType":"CQ3","fiscalPeriod":"9","accoutingStandards":"CHAS_2007","currencyCD":"CNY","tRevenue":28220936.93,"revenue":28220936.93,"TCogs":45401635.82,"COGS":8427465.24,"bizTaxSurchg":1219781.01,"adminExp":36565523.19,"finanExp":-2048510.74,"assetsImpairLoss":1237377.12,"fValueChgGain":39810906.47,"investIncome":10319454.76,"operateProfit":32949662.34,"NoperateIncome":3208619.1,"NoperateExp":3604325.4,"TProfit":32553956.04,"incomeTax":6444374.84,"NIncome":26109581.2,"NIncomeAttrP":17387780.18,"minorityGain":8721801.02,"basicEPS":0.0753,"dilutedEPS":0.0753,"TComprIncome":23606991.92,"comprIncAttrP":14885190.9,"comprIncAttrMS":8721801.02},{"secID":"000007.XSHE","publishDate":"2016-10-29","endDate":"2016-09-30","endDateRep":"2016-09-30","partyID":8,"ticker":"000007","secShortName":"全新好","exchangeCD":"XSHE","actPubtime":"2016-10-28 17:37:51","mergedFlag":"1","reportType":"Q3","fiscalPeriod":"3","accoutingStandards":"CHAS_2007","currencyCD":"CNY","tRevenue":11057036.22,"revenue":11057036.22,"TCogs":13803674.35,"COGS":3242546.35,"bizTaxSurchg":292158.01,"adminExp":10634009.24,"finanExp":-1087322.1,"assetsImpairLoss":722282.85,"fValueChgGain":1058954.49,"investIncome":4658574.9,"operateProfit":2970891.26,"NoperateIncome":3181484.7,"NoperateExp":570661.2,"TProfit":5581714.76,"incomeTax":-3333521.1,"NIncome":8915235.86,"NIncomeAttrP":6603749.97,"minorityGain":2311485.89,"basicEPS":0.0286,"dilutedEPS":0.0286,"othComprIncome":1602748.59,"TComprIncome":10517984.45,"comprIncAttrP":8206498.56,"comprIncAttrMS":2311485.89},{"secID":"000007.XSHE","publishDate":"2016-10-29","endDate":"2016-09-30","endDateRep":"2016-09-30","partyID":8,"ticker":"000007","secShortName":"全新好","exchangeCD":"XSHE","actPubtime":"2016-10-28 17:37:51","mergedFlag":"1","reportType":"CQ3","fiscalPeriod":"9","accoutingStandards":"CHAS_2007","currencyCD":"CNY","tRevenue":28220936.93,"revenue":28220936.93,"TCogs":82850635.82,"COGS":8427465.24,"bizTaxSurchg":1219781.01,"adminExp":36565523.19,"finanExp":-2048510.74,"assetsImpairLoss":38686377.12,"fValueChgGain":39810906.47,"investIncome":10319454.76,"operateProfit":-4499337.66,"NoperateIncome":3208619.1,"NoperateExp":3604325.4,"TProfit":-4895043.96,"incomeTax":6444374.84,"NIncome":-11339418.8,"NIncomeAttrP":-20061219.82,"minorityGain":8721801.02,"basicEPS":-0.0869,"dilutedEPS":-0.0869,"TComprIncome":-11339418.8,"comprIncAttrP":-20061219.82,"comprIncAttrMS":8721801.02},{"secID":"000007.XSHE","publishDate":"2016-12-07","endDate":"2016-06-30","endDateRep":"2016-06-30","partyID":8,"ticker":"000007","secShortName":"全新好","exchangeCD":"XSHE","actPubtime":"2016-12-06 19:53:30","mergedFlag":"1","reportType":"S1","fiscalPeriod":"6","accoutingStandards":"CHAS_2007","currencyCD":"CNY","tRevenue":17163900.71,"revenue":17163900.71,"TCogs":31597961.47,"COGS":5184918.89,"bizTaxSurchg":927623,"adminExp":25931513.95,"finanExp":-961188.64,"assetsImpairLoss":515094.27,"fValueChgGain":38751951.98,"investIncome":5660879.86,"operateProfit":29978771.08,"NoperateIncome":27134.4,"NoperateExp":3033664.2,"TProfit":26972241.28,"incomeTax":9777895.94,"NIncome":17194345.34,"NIncomeAttrP":10784030.21,"minorityGain":6410315.13,"basicEPS":0.0467,"dilutedEPS":0.0467,"othComprIncome":-1602748.59,"TComprIncome":15591596.75,"comprIncAttrP":9181281.62,"comprIncAttrMS":6410315.13},{"secID":"000007.XSHE","publishDate":"2016-12-01","endDate":"2016-06-30","endDateRep":"2016-06-30","partyID":8,"ticker":"000007","secShortName":"全新好","exchangeCD":"XSHE","actPubtime":"2016-11-30 18:00:00","mergedFlag":"1","reportType":"S1","fiscalPeriod":"6","accoutingStandards":"CHAS_2007","currencyCD":"CNY","tRevenue":17163900.71,"revenue":17163900.71,"TCogs":31597961.47,"COGS":5184918.89,"bizTaxSurchg":927623,"adminExp":25931513.95,"finanExp":-961188.64,"assetsImpairLoss":515094.27,"fValueChgGain":38751951.98,"investIncome":5660879.86,"operateProfit":29978771.08,"NoperateIncome":27134.4,"NoperateExp":3033664.2,"TProfit":26972241.28,"incomeTax":9777895.94,"NIncome":17194345.34,"NIncomeAttrP":10784030.21,"minorityGain":6410315.13,"basicEPS":0.0467,"dilutedEPS":0.0467,"othComprIncome":-1602748.59,"TComprIncome":15591596.75,"comprIncAttrP":9181281.62,"comprIncAttrMS":6410315.13},{"secID":"000007.XSHE","publishDate":"2016-08-31","endDate":"2016-06-30","endDateRep":"2016-06-30","partyID":8,"ticker":"000007","secShortName":"全新好","exchangeCD":"XSHE","actPubtime":"2016-08-30 17:11:50","mergedFlag":"1","reportType":"S1","fiscalPeriod":"6","accoutingStandards":"CHAS_2007","currencyCD":"CNY","tRevenue":17163900.71,"revenue":17163900.71,"TCogs":69046961.47,"COGS":5184918.89,"bizTaxSurchg":927623,"adminExp":25931513.95,"finanExp":-961188.64,"assetsImpairLoss":37964094.27,"fValueChgGain":38751951.98,"investIncome":5660879.86,"operateProfit":-7470228.92,"NoperateIncome":27134.4,"NoperateExp":3033664.2,"TProfit":-10476758.72,"incomeTax":9777895.94,"NIncome":-20254654.66,"NIncomeAttrP":-26664969.79,"minorityGain":6410315.13,"basicEPS":-0.1155,"dilutedEPS":-0.1155,"othComprIncome":-1602748.59,"TComprIncome":-21857403.25,"comprIncAttrP":-28267718.38,"comprIncAttrMS":6410315.13},{"secID":"000007.XSHE","publishDate":"2016-08-30","endDate":"2016-06-30","endDateRep":"2016-06-30","partyID":8,"ticker":"000007","secShortName":"全新好","exchangeCD":"XSHE","actPubtime":"2016-08-29 16:24:45","mergedFlag":"1","reportType":"S1","fiscalPeriod":"6","accoutingStandards":"CHAS_2007","currencyCD":"CNY","tRevenue":17163900.71,"revenue":17163900.71,"TCogs":69046961.47,"COGS":5184918.89,"bizTaxSurchg":927623,"adminExp":25931513.95,"finanExp":-961188.64,"assetsImpairLoss":37964094.27,"fValueChgGain":38751951.98,"investIncome":5660879.86,"operateProfit":-7470228.92,"NoperateIncome":27134.4,"NoperateExp":3033664.2,"TProfit":-10476758.72,"incomeTax":9777895.94,"NIncome":-20254654.66,"NIncomeAttrP":-26664969.79,"minorityGain":6410315.13,"basicEPS":-0.1155,"dilutedEPS":-0.1155,"othComprIncome":-1602748.59,"TComprIncome":-21857403.25,"comprIncAttrP":-28267718.38,"comprIncAttrMS":6410315.13},{"secID":"000007.XSHE","publishDate":"2016-04-30","endDate":"2016-03-31","endDateRep":"2016-03-31","partyID":8,"ticker":"000007","secShortName":"全新好","exchangeCD":"XSHE","actPubtime":"2016-04-29 19:50:16","mergedFlag":"1","reportType":"Q1","fiscalPeriod":"3","accoutingStandards":"CHAS_2007","currencyCD":"CNY","tRevenue":8242021.85,"revenue":8242021.85,"TCogs":14300551.92,"COGS":2464199.93,"bizTaxSurchg":609206.7,"adminExp":10700044.69,"finanExp":477061.25,"assetsImpairLoss":50039.35,"fValueChgGain":22112577.89,"investIncome":3429230.45,"operateProfit":19483278.27,"NoperateIncome":3272.3,"NoperateExp":1771062.59,"TProfit":17715487.98,"incomeTax":6095345.17,"NIncome":11620142.81,"NIncomeAttrP":7664533.73,"minorityGain":3955609.08,"basicEPS":0.03,"dilutedEPS":0.03,"othComprIncome":405946.54,"TComprIncome":12026089.35,"comprIncAttrP":8070480.27,"comprIncAttrMS":3955609.08},{"secID":"000007.XSHE","publishDate":"2016-07-02","endDate":"2015-12-31","endDateRep":"2015-12-31","partyID":8,"ticker":"000007","secShortName":"全新好","exchangeCD":"XSHE","actPubtime":"2016-07-01 19:34:47","mergedFlag":"1","reportType":"A","fiscalPeriod":"12","accoutingStandards":"CHAS_2007","currencyCD":"CNY","tRevenue":98961463.99,"revenue":98961463.99,"TCogs":106406063.7,"COGS":21638622.82,"bizTaxSurchg":6097237.01,"sellExp":35965741.1,"adminExp":39161035.69,"finanExp":3365538.43,"assetsImpairLoss":177888.65,"forexGain":20061254.55,"operateProfit":12616654.84,"NoperateIncome":12350343.4,"NoperateExp":9717855.91,"NCADisploss":31829.8,"TProfit":15249142.33,"incomeTax":2010270.11,"NIncome":13238872.22,"NIncomeAttrP":13996195.46,"minorityGain":-757323.24,"basicEPS":0.06,"dilutedEPS":0.06,"othComprIncome":311892.43,"TComprIncome":13550764.65,"comprIncAttrP":14308087.89,"comprIncAttrMS":-757323.24},{"secID":"000007.XSHE","publishDate":"2016-04-23","endDate":"2015-12-31","endDateRep":"2015-12-31","partyID":8,"ticker":"000007","secShortName":"全新好","exchangeCD":"XSHE","actPubtime":"2016-04-22 20:08:06","mergedFlag":"1","reportType":"A","fiscalPeriod":"12","accoutingStandards":"CHAS_2007","currencyCD":"CNY","tRevenue":98961463.99,"revenue":98961463.99,"TCogs":106406063.7,"COGS":21638622.82,"bizTaxSurchg":6097237.01,"sellExp":35965741.1,"adminExp":39161035.69,"finanExp":3365538.43,"assetsImpairLoss":177888.65,"investIncome":20061254.55,"operateProfit":12616654.84,"NoperateIncome":12350343.4,"NoperateExp":9717855.91,"NCADisploss":31829.8,"TProfit":15249142.33,"incomeTax":2010270.11,"NIncome":13238872.22,"NIncomeAttrP":13996195.46,"minorityGain":-757323.24,"basicEPS":0.0606,"dilutedEPS":0.0606,"othComprIncome":311892.43,"TComprIncome":13550764.65,"comprIncAttrP":14308087.89,"comprIncAttrMS":-757323.24}]}