{"retCode":1,"retMsg":"Partial Data Returned: the requested data is out of trial data range","data":[{"secID":"000038.XSHE","publishDate":"2016-10-31","endDate":"2016-09-30","endDateRep":"2016-09-30","partyID":39,"ticker":"000038","secShortName":"深大通","exchangeCD":"XSHE","actPubtime":"2016-10-31 11:46:13","mergedFlag":"1","reportType":"Q3","fiscalPeriod":"3","accoutingStandards":"CHAS_2007","currencyCD":"CNY","tRevenue":259308724.19,"revenue":259308724.19,"TCogs":226179069.03,"COGS":204170002.48,"bizTaxSurchg":5168782.23,"sellExp":5144835.61,"adminExp":17212831.5,"finanExp":-4187284.35,"assetsImpairLoss":-1330098.44,"investIncome":213931.52,"operateProfit":33343586.68,"NoperateIncome":539755.49,"NoperateExp":91741.97,"TProfit":33791600.2,"incomeTax":12812584.73,"NIncome":20979015.47,"NIncomeAttrP":20575039.67,"minorityGain":403975.8,"basicEPS":0.063,"dilutedEPS":0.063,"TComprIncome":20979015.47,"comprIncAttrP":20575039.67,"comprIncAttrMS":403975.8},{"secID":"000038.XSHE","publishDate":"2016-10-31","endDate":"2016-09-30","endDateRep":"2016-09-30","partyID":39,"ticker":"000038","secShortName":"深大通","exchangeCD":"XSHE","actPubtime":"2016-10-31 11:46:13","mergedFlag":"1","reportType":"CQ3","fiscalPeriod":"9","accoutingStandards":"CHAS_2007","currencyCD":"CNY","tRevenue":643688197.1,"revenue":643688197.1,"TCogs":519501103.24,"COGS":427086193.11,"bizTaxSurchg":26679876.18,"sellExp":11851855.88,"adminExp":53331087.16,"finanExp":-4527056.31,"assetsImpairLoss":5079147.22,"investIncome":390972.62,"operateProfit":124578066.48,"NoperateIncome":36311684.43,"NoperateExp":947616.9,"NCADisploss":20743.75,"TProfit":159942134.01,"incomeTax":42769913.68,"NIncome":117172220.33,"NIncomeAttrP":108726399.95,"minorityGain":8445820.38,"basicEPS":0.4804,"dilutedEPS":0.4804,"TComprIncome":117172220.33,"comprIncAttrP":108726399.95,"comprIncAttrMS":8445820.38},{"secID":"000038.XSHE","publishDate":"2016-10-31","endDate":"2016-09-30","endDateRep":"2016-09-30","partyID":39,"ticker":"000038","secShortName":"深大通","exchangeCD":"XSHE","actPubtime":"2016-10-30 17:17:58","mergedFlag":"1","reportType":"Q3","fiscalPeriod":"3","accoutingStandards":"CHAS_2007","currencyCD":"CNY","tRevenue":259308724.19,"revenue":259308724.19,"TCogs":226179069.03,"COGS":204170002.48,"bizTaxSurchg":5168782.23,"sellExp":5144835.61,"adminExp":17212831.5,"finanExp":-4187284.35,"assetsImpairLoss":-1330098.44,"investIncome":213931.52,"operateProfit":33343586.68,"NoperateIncome":539755.49,"NoperateExp":91741.97,"TProfit":33791600.2,"incomeTax":12812584.73,"NIncome":20979015.47,"NIncomeAttrP":20575039.67,"minorityGain":403975.8,"basicEPS":0.063,"dilutedEPS":0.063,"TComprIncome":20979015.47,"comprIncAttrP":20575039.67,"comprIncAttrMS":403975.8},{"secID":"000038.XSHE","publishDate":"2016-10-31","endDate":"2016-09-30","endDateRep":"2016-09-30","partyID":39,"ticker":"000038","secShortName":"深大通","exchangeCD":"XSHE","actPubtime":"2016-10-30 17:17:58","mergedFlag":"1","reportType":"CQ3","fiscalPeriod":"9","accoutingStandards":"CHAS_2007","currencyCD":"CNY","tRevenue":643688197.1,"revenue":643688197.1,"TCogs":519501103.24,"COGS":427086193.11,"bizTaxSurchg":26679876.18,"sellExp":11851855.88,"adminExp":53331087.16,"finanExp":-4527056.31,"assetsImpairLoss":5079147.22,"investIncome":390972.62,"operateProfit":124578066.48,"NoperateIncome":36311684.43,"NoperateExp":947616.9,"NCADisploss":20743.75,"TProfit":159942134.01,"incomeTax":42769913.68,"NIncome":117172220.33,"NIncomeAttrP":108726399.95,"minorityGain":8445820.38,"basicEPS":0.4804,"dilutedEPS":0.4804,"TComprIncome":117172220.33,"comprIncAttrP":108726399.95,"comprIncAttrMS":8445820.38},{"secID":"000038.XSHE","publishDate":"2016-08-26","endDate":"2016-06-30","endDateRep":"2016-06-30","partyID":39,"ticker":"000038","secShortName":"深大通","exchangeCD":"XSHE","actPubtime":"2016-08-25 20:12:55","mergedFlag":"1","reportType":"S1","fiscalPeriod":"6","accoutingStandards":"CHAS_2007","currencyCD":"CNY","tRevenue":384379472.91,"revenue":384379472.91,"TCogs":293322034.21,"COGS":222916190.63,"bizTaxSurchg":21511093.95,"sellExp":6707020.27,"adminExp":36118255.66,"finanExp":-339771.96,"assetsImpairLoss":6409245.66,"investIncome":177041.1,"operateProfit":91234479.8,"NoperateIncome":35771928.94,"NoperateExp":855874.93,"NCADisploss":20743.75,"TProfit":126150533.81,"incomeTax":29957328.95,"NIncome":96193204.86,"NIncomeAttrP":88151360.28,"minorityGain":8041844.58,"basicEPS":0.5006,"dilutedEPS":0.5006,"TComprIncome":96193204.86,"comprIncAttrP":88151360.28,"comprIncAttrMS":8041844.58},{"secID":"000038.XSHE","publishDate":"2016-04-30","endDate":"2016-03-31","endDateRep":"2016-03-31","partyID":39,"ticker":"000038","secShortName":"深大通","exchangeCD":"XSHE","actPubtime":"2016-04-29 19:58:43","mergedFlag":"1","reportType":"Q1","fiscalPeriod":"3","accoutingStandards":"CHAS_2007","currencyCD":"CNY","tRevenue":165922994.7,"revenue":165922994.7,"TCogs":116637958.95,"COGS":90808921.18,"bizTaxSurchg":6563942.11,"sellExp":3151762.05,"adminExp":14573934.18,"finanExp":-121921.97,"assetsImpairLoss":1661321.4,"investIncome":99369.87,"operateProfit":49384405.62,"NoperateIncome":1649563.3,"NoperateExp":86141.52,"NCADisploss":3556.68,"TProfit":50947827.4,"incomeTax":15048727.91,"NIncome":35899099.49,"NIncomeAttrP":35568447.98,"minorityGain":330651.51,"basicEPS":0.22,"dilutedEPS":0.22,"TComprIncome":35899099.49,"comprIncAttrP":35568447.98,"comprIncAttrMS":330651.51},{"secID":"000038.XSHE","publishDate":"2016-06-01","endDate":"2015-12-31","endDateRep":"2015-12-31","partyID":39,"ticker":"000038","secShortName":"深大通","exchangeCD":"XSHE","actPubtime":"2016-05-31 17:14:29","mergedFlag":"1","reportType":"A","fiscalPeriod":"12","accoutingStandards":"CHAS_2007","currencyCD":"CNY","tRevenue":305430853.91,"revenue":305430853.91,"TCogs":285544291.38,"COGS":231982297.23,"bizTaxSurchg":26875510.35,"sellExp":4231055.41,"adminExp":20339700.33,"finanExp":-80745.53,"assetsImpairLoss":2196473.59,"operateProfit":19886562.53,"NoperateIncome":2329436.6,"NoperateExp":4791143.73,"TProfit":17424855.4,"incomeTax":9362493.42,"NIncome":8062361.98,"NIncomeAttrP":5933910.65,"minorityGain":2128451.33,"basicEPS":0.06,"dilutedEPS":0.06,"TComprIncome":8062361.98,"comprIncAttrP":5933910.65,"comprIncAttrMS":2128451.33},{"secID":"000038.XSHE","publishDate":"2016-04-21","endDate":"2015-12-31","endDateRep":"2015-12-31","partyID":39,"ticker":"000038","secShortName":"深大通","exchangeCD":"XSHE","actPubtime":"2016-04-20 20:54:00","mergedFlag":"1","reportType":"A","fiscalPeriod":"12","accoutingStandards":"CHAS_2007","currencyCD":"CNY","tRevenue":305430853.91,"revenue":305430853.91,"TCogs":285544291.38,"COGS":231982297.23,"bizTaxSurchg":26875510.35,"sellExp":4231055.41,"adminExp":20339700.33,"finanExp":-80745.53,"assetsImpairLoss":2196473.59,"operateProfit":19886562.53,"NoperateIncome":2329436.6,"NoperateExp":4791143.73,"TProfit":17424855.4,"incomeTax":9362493.42,"NIncome":8062361.98,"NIncomeAttrP":5933910.65,"minorityGain":2128451.33,"basicEPS":0.06,"dilutedEPS":0.06,"TComprIncome":8062361.98,"comprIncAttrP":5933910.65,"comprIncAttrMS":2128451.33}]}