{"retCode":1,"retMsg":"Partial Data Returned: the requested data is out of trial data range","data":[{"secID":"000663.XSHE","publishDate":"2016-11-22","endDate":"2016-09-30","endDateRep":"2016-09-30","partyID":252,"ticker":"000663","secShortName":"永安林业","exchangeCD":"XSHE","actPubtime":"2016-11-21 20:19:38","mergedFlag":"1","reportType":"Q3","fiscalPeriod":"3","accoutingStandards":"CHAS_2007","currencyCD":"CNY","tRevenue":472164006.29,"revenue":472164006.29,"TCogs":492366041.31,"COGS":411227060.46,"bizTaxSurchg":6566377.65,"sellExp":22235652.04,"adminExp":29336082.77,"finanExp":9274693.28,"assetsImpairLoss":13726175.11,"investIncome":7962581.16,"operateProfit":-12239453.86,"NoperateIncome":13782861.79,"NoperateExp":75425.55,"TProfit":1467982.38,"incomeTax":-1716575.05,"NIncome":3184557.43,"NIncomeAttrP":2019377.55,"minorityGain":1165179.88,"basicEPS":0.01,"dilutedEPS":0.01,"othComprIncome":-4299562.5,"TComprIncome":-1115005.07,"comprIncAttrP":-2280184.95,"comprIncAttrMS":1165179.88},{"secID":"000663.XSHE","publishDate":"2016-11-22","endDate":"2016-09-30","endDateRep":"2016-09-30","partyID":252,"ticker":"000663","secShortName":"永安林业","exchangeCD":"XSHE","actPubtime":"2016-11-21 20:19:38","mergedFlag":"1","reportType":"CQ3","fiscalPeriod":"9","accoutingStandards":"CHAS_2007","currencyCD":"CNY","tRevenue":1111163420.76,"revenue":1111163420.76,"TCogs":1115402521.13,"COGS":890584593.28,"bizTaxSurchg":11197419.44,"sellExp":59203222.25,"adminExp":89703197.18,"finanExp":38526350.08,"assetsImpairLoss":26187738.9,"investIncome":8512190.11,"operateProfit":4273089.74,"NoperateIncome":18399163.33,"NoperateExp":86525.55,"TProfit":22585727.52,"incomeTax":9132508.82,"NIncome":13453218.7,"NIncomeAttrP":8823876.96,"minorityGain":4629341.74,"basicEPS":0.03,"dilutedEPS":0.03,"othComprIncome":-9394125,"TComprIncome":4059093.7,"comprIncAttrP":-570248.04,"comprIncAttrMS":4629341.74},{"secID":"000663.XSHE","publishDate":"2016-10-31","endDate":"2016-09-30","endDateRep":"2016-09-30","partyID":252,"ticker":"000663","secShortName":"永安林业","exchangeCD":"XSHE","actPubtime":"2016-10-30 17:10:42","mergedFlag":"1","reportType":"Q3","fiscalPeriod":"3","accoutingStandards":"CHAS_2007","currencyCD":"CNY","tRevenue":472164006.29,"revenue":472164006.29,"TCogs":484174511.9,"COGS":412678398.89,"bizTaxSurchg":5496006.24,"sellExp":22024274,"adminExp":29279936.68,"finanExp":8460097.84,"assetsImpairLoss":6235798.25,"investIncome":7086241.75,"AJInvestIncome":-1190761.45,"operateProfit":-4924263.86,"NoperateIncome":13782861.79,"NoperateExp":75425.55,"NCADisploss":203.3,"TProfit":8783172.38,"incomeTax":-2015358.93,"NIncome":10798531.31,"NIncomeAttrP":9633351.43,"minorityGain":1165179.88,"basicEPS":0.03,"dilutedEPS":0.03,"othComprIncome":-4299562.5,"TComprIncome":6498968.81,"comprIncAttrP":5333788.93,"comprIncAttrMS":1165179.88},{"secID":"000663.XSHE","publishDate":"2016-10-31","endDate":"2016-09-30","endDateRep":"2016-09-30","partyID":252,"ticker":"000663","secShortName":"永安林业","exchangeCD":"XSHE","actPubtime":"2016-10-30 17:10:42","mergedFlag":"1","reportType":"CQ3","fiscalPeriod":"9","accoutingStandards":"CHAS_2007","currencyCD":"CNY","tRevenue":1111163420.76,"revenue":1111163420.76,"TCogs":1107210991.72,"COGS":892035931.71,"bizTaxSurchg":10127048.03,"sellExp":58991844.21,"adminExp":89647051.09,"finanExp":37711754.64,"assetsImpairLoss":18697362.04,"investIncome":7635850.7,"AJInvestIncome":-1937402.5,"operateProfit":11588279.74,"NoperateIncome":18399163.33,"NoperateExp":86525.55,"NCADisploss":11203.3,"TProfit":29900917.52,"incomeTax":8833724.94,"NIncome":21067192.58,"NIncomeAttrP":16437850.84,"minorityGain":4629341.74,"basicEPS":0.05,"dilutedEPS":0.05,"othComprIncome":-9394125,"TComprIncome":11673067.58,"comprIncAttrP":7043725.84,"comprIncAttrMS":4629341.74},{"secID":"000663.XSHE","publishDate":"2016-08-18","endDate":"2016-06-30","endDateRep":"2016-06-30","partyID":252,"ticker":"000663","secShortName":"永安林业","exchangeCD":"XSHE","actPubtime":"2016-08-17 19:56:54","mergedFlag":"1","reportType":"S1","fiscalPeriod":"6","accoutingStandards":"CHAS_2007","currencyCD":"CNY","tRevenue":638999414.47,"revenue":638999414.47,"TCogs":623036479.82,"COGS":479357532.82,"bizTaxSurchg":4631041.79,"sellExp":36967570.21,"adminExp":60367114.41,"finanExp":29251656.8,"assetsImpairLoss":12461563.79,"investIncome":549608.95,"AJInvestIncome":-746641.05,"operateProfit":16512543.6,"NoperateIncome":4616301.54,"NoperateExp":11100,"NCADisploss":11000,"TProfit":21117745.14,"incomeTax":10849083.87,"NIncome":10268661.27,"NIncomeAttrP":6804499.41,"minorityGain":3464161.86,"basicEPS":0.02,"dilutedEPS":0.02,"othComprIncome":-5094562.5,"TComprIncome":5174098.77,"comprIncAttrP":1709936.91,"comprIncAttrMS":3464161.86},{"secID":"000663.XSHE","publishDate":"2016-04-30","endDate":"2016-03-31","endDateRep":"2016-03-31","partyID":252,"ticker":"000663","secShortName":"永安林业","exchangeCD":"XSHE","actPubtime":"2016-04-29 16:14:11","mergedFlag":"1","reportType":"Q1","fiscalPeriod":"3","accoutingStandards":"CHAS_2007","currencyCD":"CNY","tRevenue":197397351.73,"revenue":197397351.73,"TCogs":213639012.53,"COGS":154032257.65,"bizTaxSurchg":2156446.88,"sellExp":16210397.23,"adminExp":26181494.85,"finanExp":12473774.85,"assetsImpairLoss":2584641.07,"operateProfit":-16241660.8,"NoperateIncome":599000.41,"NoperateExp":100,"TProfit":-15642760.39,"incomeTax":245892.64,"NIncome":-15888653.03,"NIncomeAttrP":-17010585.68,"minorityGain":1121932.65,"basicEPS":-0.05,"dilutedEPS":-0.05,"othComprIncome":-4677750,"TComprIncome":-20566403.03,"comprIncAttrP":-21688335.68,"comprIncAttrMS":1121932.65},{"secID":"000663.XSHE","publishDate":"2016-06-02","endDate":"2015-12-31","endDateRep":"2015-12-31","partyID":252,"ticker":"000663","secShortName":"永安林业","exchangeCD":"XSHE","actPubtime":"2016-06-01 18:08:07","mergedFlag":"1","reportType":"A","fiscalPeriod":"12","accoutingStandards":"CHAS_2007","currencyCD":"CNY","tRevenue":891661313.21,"revenue":891661313.21,"TCogs":861433121.77,"COGS":678310931.63,"bizTaxSurchg":11680022.51,"sellExp":38420452.34,"adminExp":74521500.86,"finanExp":55391704.92,"assetsImpairLoss":3108509.51,"investIncome":14573066.93,"AJInvestIncome":-808159.83,"operateProfit":44801258.37,"NoperateIncome":21000679.37,"NoperateExp":735853.71,"NCADisploss":142553.93,"TProfit":65066084.03,"incomeTax":17570896.44,"NIncome":47495187.59,"NIncomeAttrP":44885830.36,"minorityGain":2609357.23,"basicEPS":0.2,"dilutedEPS":0.2,"othComprIncome":-10845562.5,"TComprIncome":36649625.09,"comprIncAttrP":34040267.86,"comprIncAttrMS":2609357.23},{"secID":"000663.XSHE","publishDate":"2016-04-23","endDate":"2015-12-31","endDateRep":"2015-12-31","partyID":252,"ticker":"000663","secShortName":"永安林业","exchangeCD":"XSHE","actPubtime":"2016-04-22 20:45:02","mergedFlag":"1","reportType":"A","fiscalPeriod":"12","accoutingStandards":"CHAS_2007","currencyCD":"CNY","tRevenue":891661313.21,"revenue":891661313.21,"TCogs":861433121.77,"COGS":678310931.63,"bizTaxSurchg":11680022.51,"sellExp":38420452.34,"adminExp":74521500.86,"finanExp":55391704.92,"assetsImpairLoss":3108509.51,"investIncome":14573066.93,"AJInvestIncome":-808159.83,"operateProfit":44801258.37,"NoperateIncome":21000679.37,"NoperateExp":735853.71,"NCADisploss":142553.93,"TProfit":65066084.03,"incomeTax":17570896.44,"NIncome":47495187.59,"NIncomeAttrP":44885830.36,"minorityGain":2609357.23,"basicEPS":0.2,"dilutedEPS":0.2,"othComprIncome":-10845562.5,"TComprIncome":36649625.09,"comprIncAttrP":34040267.86,"comprIncAttrMS":2609357.23}]}