{"retCode":1,"retMsg":"Partial Data Returned: the requested data is out of trial data range","data":[{"secID":"000931.XSHE","publishDate":"2016-10-29","endDate":"2016-09-30","endDateRep":"2016-09-30","partyID":457,"ticker":"000931","secShortName":"中关村","exchangeCD":"XSHE","actPubtime":"2016-10-28 17:29:42","mergedFlag":"1","reportType":"Q3","fiscalPeriod":"3","accoutingStandards":"CHAS_2007","currencyCD":"CNY","tRevenue":358573374.1,"revenue":358573374.1,"TCogs":333347590.19,"COGS":194167741.32,"bizTaxSurchg":6363539.3,"sellExp":82327950.68,"adminExp":39913909.95,"finanExp":15397434.64,"assetsImpairLoss":-4822985.7,"investIncome":-54110.04,"AJInvestIncome":-54110.04,"operateProfit":25171673.87,"NoperateIncome":794502.52,"NoperateExp":171348.76,"NCADisploss":1805.53,"TProfit":25794827.63,"incomeTax":1248680.15,"NIncome":24546147.48,"NIncomeAttrP":19135455.42,"minorityGain":5410692.06,"basicEPS":0.0284,"dilutedEPS":0.0284,"othComprIncome":-13920.42,"TComprIncome":24532227.06,"comprIncAttrP":19117493.01,"comprIncAttrMS":5414734.05},{"secID":"000931.XSHE","publishDate":"2016-10-29","endDate":"2016-09-30","endDateRep":"2016-09-30","partyID":457,"ticker":"000931","secShortName":"中关村","exchangeCD":"XSHE","actPubtime":"2016-10-28 17:29:42","mergedFlag":"1","reportType":"CQ3","fiscalPeriod":"9","accoutingStandards":"CHAS_2007","currencyCD":"CNY","tRevenue":1027340704.62,"revenue":1027340704.62,"TCogs":1018276882.75,"COGS":584401370.71,"bizTaxSurchg":19198255.49,"sellExp":246609711.27,"adminExp":109188699.31,"finanExp":59162520.77,"assetsImpairLoss":-283674.8,"investIncome":-3779462.77,"AJInvestIncome":-168962.76,"operateProfit":5284359.1,"NoperateIncome":23063912.22,"NoperateExp":1404080.45,"NCADisploss":125821.51,"TProfit":26944190.87,"incomeTax":9404102.94,"NIncome":17540087.93,"NIncomeAttrP":5643702.91,"minorityGain":11896385.02,"basicEPS":0.0084,"dilutedEPS":0.0084,"othComprIncome":-425273.34,"TComprIncome":17114814.59,"comprIncAttrP":5218429.57,"comprIncAttrMS":11896385.02},{"secID":"000931.XSHE","publishDate":"2016-09-14","endDate":"2016-06-30","endDateRep":"2016-06-30","partyID":457,"ticker":"000931","secShortName":"中关村","exchangeCD":"XSHE","actPubtime":"2016-09-13 20:32:26","mergedFlag":"1","reportType":"S1","fiscalPeriod":"6","accoutingStandards":"CHAS_2007","currencyCD":"CNY","tRevenue":668767330.52,"revenue":668767330.52,"TCogs":684929292.56,"COGS":390233629.39,"bizTaxSurchg":12834716.19,"sellExp":164281760.59,"adminExp":69274789.36,"finanExp":43765086.13,"assetsImpairLoss":4539310.9,"investIncome":-3725352.73,"AJInvestIncome":-114852.72,"operateProfit":-19887314.77,"NoperateIncome":22269409.7,"NoperateExp":1232731.69,"NCADisploss":124015.38,"TProfit":1149363.24,"incomeTax":8155422.79,"NIncome":-7006059.55,"NIncomeAttrP":-13491752.51,"minorityGain":6485692.96,"basicEPS":-0.02,"dilutedEPS":-0.02,"othComprIncome":-411352.92,"TComprIncome":-7417412.47,"comprIncAttrP":-13899063.44,"comprIncAttrMS":6481650.97},{"secID":"000931.XSHE","publishDate":"2016-08-20","endDate":"2016-06-30","endDateRep":"2016-06-30","partyID":457,"ticker":"000931","secShortName":"中关村","exchangeCD":"XSHE","actPubtime":"2016-08-19 20:05:17","mergedFlag":"1","reportType":"S1","fiscalPeriod":"6","accoutingStandards":"CHAS_2007","currencyCD":"CNY","tRevenue":668767330.52,"revenue":668767330.52,"TCogs":685344758.23,"COGS":390649095.07,"bizTaxSurchg":12834716.19,"sellExp":164281760.59,"adminExp":69274789.36,"finanExp":43765086.13,"assetsImpairLoss":4539310.9,"investIncome":-3725352.73,"AJInvestIncome":-114852.72,"operateProfit":-20302780.44,"NoperateIncome":22269409.7,"NoperateExp":1232731.69,"NCADisploss":124015.38,"TProfit":733897.57,"incomeTax":8155422.79,"NIncome":-7421525.22,"NIncomeAttrP":-13907218.19,"minorityGain":6485692.97,"basicEPS":-0.0206,"dilutedEPS":-0.0206,"othComprIncome":-411352.92,"TComprIncome":-7832878.14,"comprIncAttrP":-14314529.12,"comprIncAttrMS":6481650.98},{"secID":"000931.XSHE","publishDate":"2016-09-14","endDate":"2016-03-31","endDateRep":"2016-03-31","partyID":457,"ticker":"000931","secShortName":"中关村","exchangeCD":"XSHE","actPubtime":"2016-09-13 20:32:23","mergedFlag":"1","reportType":"Q1","fiscalPeriod":"3","accoutingStandards":"CHAS_2007","currencyCD":"CNY","tRevenue":260148504.35,"revenue":260148504.35,"TCogs":274829833.63,"COGS":140037592.72,"bizTaxSurchg":4698549.97,"sellExp":74482886.22,"adminExp":34449346.98,"finanExp":21742739.11,"assetsImpairLoss":-581281.37,"investIncome":19900.39,"AJInvestIncome":19900.39,"operateProfit":-14661428.89,"NoperateIncome":1228684.66,"NoperateExp":83770.03,"NCADisploss":83101.4,"TProfit":-13516514.26,"incomeTax":1143441.85,"NIncome":-14659956.11,"NIncomeAttrP":-15902072.95,"minorityGain":1242116.84,"basicEPS":-0.0236,"dilutedEPS":-0.0236,"othComprIncome":-347389.5,"TComprIncome":-15007345.61,"comprIncAttrP":-16246086.69,"comprIncAttrMS":1238741.08},{"secID":"000931.XSHE","publishDate":"2016-04-30","endDate":"2016-03-31","endDateRep":"2016-03-31","partyID":457,"ticker":"000931","secShortName":"中关村","exchangeCD":"XSHE","actPubtime":"2016-04-29 17:29:23","mergedFlag":"1","reportType":"Q1","fiscalPeriod":"3","accoutingStandards":"CHAS_2007","currencyCD":"CNY","tRevenue":260148504.35,"revenue":260148504.35,"TCogs":274902886.24,"COGS":140110645.33,"bizTaxSurchg":4698549.97,"sellExp":74482886.22,"adminExp":34449346.98,"finanExp":21742739.11,"assetsImpairLoss":-581281.37,"investIncome":19900.39,"AJInvestIncome":19900.39,"operateProfit":-14734481.5,"NoperateIncome":1228684.66,"NoperateExp":83770.03,"NCADisploss":83101.4,"TProfit":-13589566.87,"incomeTax":1143441.85,"NIncome":-14733008.72,"NIncomeAttrP":-15975125.56,"minorityGain":1242116.84,"basicEPS":-0.02,"dilutedEPS":-0.02,"othComprIncome":-347389.5,"TComprIncome":-15080398.22,"comprIncAttrP":-16319139.3,"comprIncAttrMS":1238741.08},{"secID":"000931.XSHE","publishDate":"2016-09-14","endDate":"2015-12-31","endDateRep":"2015-12-31","partyID":457,"ticker":"000931","secShortName":"中关村","exchangeCD":"XSHE","actPubtime":"2016-09-13 20:32:30","mergedFlag":"1","reportType":"A","fiscalPeriod":"12","accoutingStandards":"CHAS_2007","currencyCD":"CNY","tRevenue":1078026319.58,"revenue":1078026319.58,"TCogs":1113768005.74,"COGS":618106695.68,"bizTaxSurchg":37579298.91,"sellExp":269784271.88,"adminExp":116974645.53,"finanExp":66396086.84,"assetsImpairLoss":4927006.9,"investIncome":217999903.45,"AJInvestIncome":-345951.53,"operateProfit":182258217.29,"NoperateIncome":3905626.07,"NoperateExp":16999353.98,"NCADisploss":289752.39,"TProfit":169164489.38,"incomeTax":14682468.86,"NIncome":154482020.52,"NIncomeAttrP":152389929.51,"minorityGain":2092091.01,"basicEPS":0.2258,"dilutedEPS":0.2258,"othComprIncome":369213.07,"TComprIncome":154851233.59,"comprIncAttrP":152755296.92,"comprIncAttrMS":2095936.67},{"secID":"000931.XSHE","publishDate":"2016-04-23","endDate":"2015-12-31","endDateRep":"2015-12-31","partyID":457,"ticker":"000931","secShortName":"中关村","exchangeCD":"XSHE","actPubtime":"2016-04-22 20:08:58","mergedFlag":"1","reportType":"A","fiscalPeriod":"12","accoutingStandards":"CHAS_2007","currencyCD":"CNY","tRevenue":1078026319.58,"revenue":1078026319.58,"TCogs":1115069210.09,"COGS":619407900.03,"bizTaxSurchg":37579298.91,"sellExp":269784271.88,"adminExp":116974645.53,"finanExp":66396086.84,"assetsImpairLoss":4927006.9,"investIncome":217999903.45,"AJInvestIncome":-345951.53,"operateProfit":180957012.94,"NoperateIncome":3905626.07,"NoperateExp":16999353.98,"NCADisploss":289752.39,"TProfit":167863285.03,"incomeTax":14682468.86,"NIncome":153180816.17,"NIncomeAttrP":151088725.16,"minorityGain":2092091.01,"basicEPS":0.22,"dilutedEPS":0.22,"othComprIncome":369213.07,"TComprIncome":153550029.24,"comprIncAttrP":151454092.57,"comprIncAttrMS":2095936.67}]}