{"retCode":1,"retMsg":"Partial Data Returned: the requested data is out of trial data range","data":[{"secID":"002174.XSHE","publishDate":"2016-10-29","endDate":"2016-09-30","endDateRep":"2016-09-30","partyID":27920,"ticker":"002174","secShortName":"游族网络","exchangeCD":"XSHE","actPubtime":"2016-10-28 16:42:50","mergedFlag":"1","reportType":"Q3","fiscalPeriod":"3","accoutingStandards":"CHAS_2007","currencyCD":"CNY","tRevenue":733934273.17,"revenue":733934273.17,"TCogs":643096037.57,"COGS":448856212.91,"bizTaxSurchg":5439816.37,"sellExp":57452342.99,"adminExp":107540795.46,"finanExp":12231139.76,"assetsImpairLoss":11575730.08,"investIncome":15816806.72,"operateProfit":106655042.32,"NoperateIncome":21761160.19,"NoperateExp":79.09,"TProfit":128416123.42,"incomeTax":-1184949.84,"NIncome":129601073.26,"NIncomeAttrP":126401973.26,"minorityGain":3199100,"basicEPS":0.15,"dilutedEPS":0.15,"othComprIncome":6266387.86,"TComprIncome":135867461.12,"comprIncAttrP":132668361.12,"comprIncAttrMS":3199100},{"secID":"002174.XSHE","publishDate":"2016-10-29","endDate":"2016-09-30","endDateRep":"2016-09-30","partyID":27920,"ticker":"002174","secShortName":"游族网络","exchangeCD":"XSHE","actPubtime":"2016-10-28 16:42:50","mergedFlag":"1","reportType":"CQ3","fiscalPeriod":"9","accoutingStandards":"CHAS_2007","currencyCD":"CNY","tRevenue":1749859426.78,"revenue":1749859426.78,"TCogs":1426427858.13,"COGS":945848934.27,"bizTaxSurchg":7373608.66,"sellExp":130085560.86,"adminExp":291435334.47,"finanExp":27831267.18,"assetsImpairLoss":23853152.69,"investIncome":12760846.64,"operateProfit":336192415.29,"NoperateIncome":28177694.97,"NoperateExp":2497073.72,"NCADisploss":475795.64,"TProfit":361873036.54,"incomeTax":-1716347.7,"NIncome":363589384.24,"NIncomeAttrP":360865380.87,"minorityGain":2724003.37,"basicEPS":0.42,"dilutedEPS":0.42,"othComprIncome":-2081991.73,"TComprIncome":361507392.51,"comprIncAttrP":358783389.14,"comprIncAttrMS":2724003.37},{"secID":"002174.XSHE","publishDate":"2016-10-26","endDate":"2016-09-30","endDateRep":"2016-09-30","partyID":27920,"ticker":"002174","secShortName":"游族网络","exchangeCD":"XSHE","actPubtime":"2016-10-25 18:14:41","mergedFlag":"1","reportType":"Q3","fiscalPeriod":"3","accoutingStandards":"CHAS_2007","currencyCD":"CNY","tRevenue":733934273.17,"revenue":733934273.17,"TCogs":643096037.57,"COGS":448856212.91,"bizTaxSurchg":5439816.37,"sellExp":57452342.99,"adminExp":107540795.46,"finanExp":12231139.76,"assetsImpairLoss":11575730.08,"investIncome":15816806.72,"operateProfit":106655042.32,"NoperateIncome":21761160.19,"NoperateExp":79.09,"TProfit":128416123.42,"incomeTax":-1184949.84,"NIncome":129601073.26,"NIncomeAttrP":126401973.26,"minorityGain":3199100,"basicEPS":0.15,"dilutedEPS":0.15,"othComprIncome":6266387.86,"TComprIncome":135867461.12,"comprIncAttrP":132668361.12,"comprIncAttrMS":3199100},{"secID":"002174.XSHE","publishDate":"2016-10-26","endDate":"2016-09-30","endDateRep":"2016-09-30","partyID":27920,"ticker":"002174","secShortName":"游族网络","exchangeCD":"XSHE","actPubtime":"2016-10-25 18:14:41","mergedFlag":"1","reportType":"CQ3","fiscalPeriod":"9","accoutingStandards":"CHAS_2007","currencyCD":"CNY","tRevenue":1749859426.78,"revenue":1749859426.78,"TCogs":1426427858.13,"COGS":945848934.27,"bizTaxSurchg":7373608.66,"sellExp":130085560.86,"adminExp":291435334.47,"finanExp":27831267.18,"assetsImpairLoss":23853152.69,"investIncome":12760846.64,"operateProfit":336192415.29,"NoperateIncome":28177694.97,"NoperateExp":2497073.72,"NCADisploss":475795.64,"TProfit":361873036.54,"incomeTax":-1716347.7,"NIncome":363589384.24,"NIncomeAttrP":360865380.87,"minorityGain":2724003.37,"basicEPS":0.42,"dilutedEPS":0.42,"othComprIncome":-2081991.73,"TComprIncome":361507392.51,"comprIncAttrP":358783389.14,"comprIncAttrMS":2724003.37},{"secID":"002174.XSHE","publishDate":"2016-08-24","endDate":"2016-06-30","endDateRep":"2016-06-30","partyID":27920,"ticker":"002174","secShortName":"游族网络","exchangeCD":"XSHE","actPubtime":"2016-08-23 15:57:06","mergedFlag":"1","reportType":"S1","fiscalPeriod":"6","accoutingStandards":"CHAS_2007","currencyCD":"CNY","tRevenue":1015925153.61,"revenue":1015925153.61,"intExp":0,"premEarned":0,"commisExp":0,"TCogs":783331820.56,"COGS":496992721.36,"premRefund":0,"reserInsurContr":0,"policyDivPayt":0,"reinsurExp":0,"bizTaxSurchg":1933792.29,"sellExp":72633217.87,"adminExp":183894539.01,"finanExp":15600127.42,"assetsImpairLoss":12277422.61,"investIncome":-3055960.08,"operateProfit":229537372.97,"NoperateIncome":6416534.78,"NoperateExp":2496994.63,"NCADisploss":475795.64,"TProfit":233456913.12,"incomeTax":-531397.86,"NIncome":233988310.98,"NIncomeAttrP":234463407.61,"minorityGain":-475096.63,"basicEPS":0.27,"dilutedEPS":0.27,"othComprIncome":-8348379.58,"TComprIncome":225639931.4,"comprIncAttrP":226115028.03,"comprIncAttrMS":-475096.63},{"secID":"002174.XSHE","publishDate":"2016-05-05","endDate":"2016-03-31","endDateRep":"2016-03-31","partyID":27920,"ticker":"002174","secShortName":"游族网络","exchangeCD":"XSHE","actPubtime":"2016-05-04 15:52:40","mergedFlag":"1","reportType":"Q1","fiscalPeriod":"3","accoutingStandards":"CHAS_2007","currencyCD":"CNY","tRevenue":441641945.07,"revenue":441641945.07,"TCogs":330349521.78,"COGS":202906539.16,"bizTaxSurchg":1636652.22,"sellExp":30111937.1,"adminExp":79970598.24,"finanExp":6186162.04,"assetsImpairLoss":9537633.02,"investIncome":-1532608.84,"operateProfit":109759814.45,"NoperateIncome":3111210.78,"NoperateExp":159089,"NCADisploss":158587.07,"TProfit":112711936.23,"incomeTax":-102618.5,"NIncome":112814554.73,"NIncomeAttrP":110325506.39,"minorityGain":2489048.34,"basicEPS":0.38,"dilutedEPS":0.38,"othComprIncome":-1702941.87,"TComprIncome":111111612.86,"comprIncAttrP":108622564.52,"comprIncAttrMS":2489048.34},{"secID":"002174.XSHE","publishDate":"2016-04-29","endDate":"2016-03-31","endDateRep":"2016-03-31","partyID":27920,"ticker":"002174","secShortName":"游族网络","exchangeCD":"XSHE","actPubtime":"2016-04-28 17:41:09","mergedFlag":"1","reportType":"Q1","fiscalPeriod":"3","accoutingStandards":"CHAS_2007","currencyCD":"CNY","tRevenue":441641945.07,"revenue":441641945.07,"TCogs":330349521.78,"COGS":202906539.16,"bizTaxSurchg":1636652.22,"sellExp":30111937.1,"adminExp":79970598.24,"finanExp":6186162.04,"assetsImpairLoss":9537633.02,"investIncome":-1532608.84,"operateProfit":109759814.45,"NoperateIncome":3111210.78,"NoperateExp":159089,"NCADisploss":158587.07,"TProfit":112711936.23,"incomeTax":-102618.5,"NIncome":112814554.73,"NIncomeAttrP":110325506.39,"minorityGain":2489048.34,"basicEPS":0.38,"dilutedEPS":0.38,"othComprIncome":-1702941.87,"TComprIncome":111111612.86,"comprIncAttrP":108622564.52,"comprIncAttrMS":2489048.34},{"secID":"002174.XSHE","publishDate":"2016-02-23","endDate":"2015-12-31","endDateRep":"2015-12-31","partyID":27920,"ticker":"002174","secShortName":"游族网络","exchangeCD":"XSHE","actPubtime":"2016-02-22 19:21:49","mergedFlag":"1","reportType":"A","fiscalPeriod":"12","accoutingStandards":"CHAS_2007","currencyCD":"CNY","tRevenue":1534687492.1,"revenue":1534687492.1,"TCogs":1114264865.82,"COGS":644313422.73,"bizTaxSurchg":9886710.83,"sellExp":109686587.77,"adminExp":324808090.7,"finanExp":12020330.53,"assetsImpairLoss":13549723.26,"investIncome":9846630.29,"operateProfit":430269256.57,"NoperateIncome":69537868.06,"NoperateExp":5527781.34,"NCADisploss":526144.18,"TProfit":494279343.29,"incomeTax":-10850028.2,"NIncome":505129371.49,"NIncomeAttrP":515566574.58,"minorityGain":-10437203.09,"basicEPS":1.86,"dilutedEPS":1.86,"othComprIncome":26527944.58,"TComprIncome":531657316.07,"comprIncAttrP":542094519.16,"comprIncAttrMS":-10437203.09},{"secID":"002174.XSHE","publishDate":"2016-02-18","endDate":"2015-12-31","endDateRep":"2015-12-31","partyID":27920,"ticker":"002174","secShortName":"游族网络","exchangeCD":"XSHE","actPubtime":"2016-02-17 20:26:29","mergedFlag":"1","reportType":"A","fiscalPeriod":"12","accoutingStandards":"CHAS_2007","currencyCD":"CNY","tRevenue":1534687492.1,"revenue":1534687492.1,"TCogs":1114264865.82,"COGS":644313422.73,"bizTaxSurchg":9886710.83,"sellExp":109686587.77,"adminExp":324808090.7,"finanExp":12020330.53,"assetsImpairLoss":13549723.26,"investIncome":9846630.29,"operateProfit":430269256.57,"NoperateIncome":69537868.06,"NoperateExp":5527781.34,"NCADisploss":526144.18,"TProfit":494279343.29,"incomeTax":-10850028.2,"NIncome":505129371.49,"NIncomeAttrP":515566574.58,"minorityGain":-10437203.09,"basicEPS":1.86,"dilutedEPS":1.86,"othComprIncome":26527944.58,"TComprIncome":531657316.07,"comprIncAttrP":542094519.16,"comprIncAttrMS":-10437203.09}]}