{"retCode":1,"retMsg":"Partial Data Returned: the requested data is out of trial data range","data":[{"secID":"002290.XSHE","publishDate":"2016-10-28","endDate":"2016-09-30","endDateRep":"2016-09-30","partyID":33174,"ticker":"002290","secShortName":"禾盛新材","exchangeCD":"XSHE","actPubtime":"2016-10-27 17:51:32","mergedFlag":"1","reportType":"CQ3","fiscalPeriod":"9","accoutingStandards":"CHAS_2007","currencyCD":"CNY","tRevenue":718850397.15,"revenue":718850397.15,"TCogs":692612856.25,"COGS":601955308.31,"bizTaxSurchg":2769739.74,"sellExp":22859545.86,"adminExp":53071892.55,"finanExp":3417516.94,"assetsImpairLoss":8538852.85,"operateProfit":26237540.9,"NoperateIncome":5890831.86,"NoperateExp":331520,"NCADisploss":2115.74,"TProfit":31796852.76,"incomeTax":4523761.72,"NIncome":27273091.04,"NIncomeAttrP":27273091.04,"basicEPS":0.13,"dilutedEPS":0.13,"TComprIncome":27273091.04,"comprIncAttrP":27273091.04},{"secID":"002290.XSHE","publishDate":"2016-10-28","endDate":"2016-09-30","endDateRep":"2016-09-30","partyID":33174,"ticker":"002290","secShortName":"禾盛新材","exchangeCD":"XSHE","actPubtime":"2016-10-27 16:34:12","mergedFlag":"1","reportType":"Q3","fiscalPeriod":"3","accoutingStandards":"CHAS_2007","currencyCD":"CNY","tRevenue":253769741.25,"revenue":253769741.25,"TCogs":248007555.97,"COGS":211626867.35,"bizTaxSurchg":366236.66,"sellExp":7916779.93,"adminExp":22235218.16,"finanExp":1309544.97,"assetsImpairLoss":4552908.9,"operateProfit":5762185.28,"NoperateIncome":3048243.37,"NoperateExp":222425.36,"TProfit":8588003.29,"incomeTax":1112154.76,"NIncome":7475848.53,"NIncomeAttrP":7475848.53,"basicEPS":0.04,"dilutedEPS":0.04,"TComprIncome":7475848.53,"comprIncAttrP":7475848.53},{"secID":"002290.XSHE","publishDate":"2016-10-28","endDate":"2016-09-30","endDateRep":"2016-09-30","partyID":33174,"ticker":"002290","secShortName":"禾盛新材","exchangeCD":"XSHE","actPubtime":"2016-10-27 16:34:12","mergedFlag":"1","reportType":"CQ3","fiscalPeriod":"9","accoutingStandards":"CHAS_2007","currencyCD":"CNY","tRevenue":718850397.15,"revenue":718850397.15,"TCogs":692612856.25,"COGS":601955308.31,"bizTaxSurchg":2769739.74,"sellExp":22859545.86,"adminExp":53071892.55,"finanExp":3417516.94,"assetsImpairLoss":8538852.85,"operateProfit":26237540.9,"NoperateIncome":5890831.86,"NoperateExp":331520,"NCADisploss":2115.74,"TProfit":31796852.76,"incomeTax":4523761.72,"NIncome":27273091.04,"NIncomeAttrP":27273091.04,"basicEPS":0.13,"dilutedEPS":0.13,"TComprIncome":27273091.04,"comprIncAttrP":27273091.04},{"secID":"002290.XSHE","publishDate":"2016-10-28","endDate":"2016-09-30","endDateRep":"2016-09-30","partyID":33174,"ticker":"002290","secShortName":"禾盛新材","exchangeCD":"XSHE","actPubtime":"2016-10-27 17:51:32","mergedFlag":"1","reportType":"Q3","fiscalPeriod":"3","accoutingStandards":"CHAS_2007","currencyCD":"CNY","tRevenue":253769741.25,"revenue":253769741.25,"TCogs":248007555.97,"COGS":211626867.35,"bizTaxSurchg":366236.66,"sellExp":7916779.93,"adminExp":22235218.16,"finanExp":1309544.97,"assetsImpairLoss":4552908.9,"operateProfit":5762185.28,"NoperateIncome":3048243.37,"NoperateExp":222425.36,"TProfit":8588003.29,"incomeTax":1112154.76,"NIncome":7475848.53,"NIncomeAttrP":7475848.53,"basicEPS":0.04,"dilutedEPS":0.04,"TComprIncome":7475848.53,"comprIncAttrP":7475848.53},{"secID":"002290.XSHE","publishDate":"2016-08-27","endDate":"2016-06-30","endDateRep":"2016-06-30","partyID":33174,"ticker":"002290","secShortName":"禾盛新材","exchangeCD":"XSHE","actPubtime":"2016-08-26 17:19:03","mergedFlag":"1","reportType":"S1","fiscalPeriod":"6","accoutingStandards":"CHAS_2007","currencyCD":"CNY","tRevenue":465080655.9,"revenue":465080655.9,"TCogs":444605300.28,"COGS":390328440.96,"bizTaxSurchg":2403503.08,"sellExp":14942765.93,"adminExp":30836674.39,"finanExp":2107971.97,"assetsImpairLoss":3985943.95,"operateProfit":20475355.62,"NoperateIncome":2842588.49,"NoperateExp":109094.64,"NCADisploss":2115.74,"TProfit":23208849.47,"incomeTax":3411606.96,"NIncome":19797242.51,"NIncomeAttrP":19797242.51,"basicEPS":0.09,"dilutedEPS":0.09,"TComprIncome":19797242.51,"comprIncAttrP":19797242.51},{"secID":"002290.XSHE","publishDate":"2016-08-26","endDate":"2016-06-30","endDateRep":"2016-06-30","partyID":33174,"ticker":"002290","secShortName":"禾盛新材","exchangeCD":"XSHE","actPubtime":"2016-08-25 19:47:06","mergedFlag":"1","reportType":"S1","fiscalPeriod":"6","accoutingStandards":"CHAS_2007","currencyCD":"CNY","tRevenue":465080655.9,"revenue":465080655.9,"TCogs":444605300.28,"COGS":390328440.96,"bizTaxSurchg":2403503.08,"sellExp":14942765.93,"adminExp":30836674.39,"finanExp":2107971.97,"assetsImpairLoss":3985943.95,"operateProfit":20475355.62,"NoperateIncome":2842588.49,"NoperateExp":109094.64,"NCADisploss":2115.74,"TProfit":23208849.47,"incomeTax":3411606.96,"NIncome":19797242.51,"NIncomeAttrP":19797242.51,"basicEPS":0.09,"dilutedEPS":0.09,"TComprIncome":19797242.51,"comprIncAttrP":19797242.51},{"secID":"002290.XSHE","publishDate":"2016-04-30","endDate":"2016-03-31","endDateRep":"2016-03-31","partyID":33174,"ticker":"002290","secShortName":"禾盛新材","exchangeCD":"XSHE","actPubtime":"2016-04-29 16:46:38","mergedFlag":"1","reportType":"Q1","fiscalPeriod":"3","accoutingStandards":"CHAS_2007","currencyCD":"CNY","tRevenue":226124041.72,"revenue":226124041.72,"TCogs":219065220.44,"COGS":194903820,"bizTaxSurchg":1771146.25,"sellExp":6748466.07,"adminExp":14195132.4,"finanExp":2252318.35,"assetsImpairLoss":-805662.63,"operateProfit":7058821.28,"NoperateIncome":1443247.41,"NoperateExp":78861.64,"TProfit":8423207.05,"incomeTax":1304114.81,"NIncome":7119092.24,"NIncomeAttrP":7119092.24,"basicEPS":0.03,"dilutedEPS":0.03,"TComprIncome":7119092.24,"comprIncAttrP":7119092.24},{"secID":"002290.XSHE","publishDate":"2016-04-28","endDate":"2016-03-31","endDateRep":"2016-03-31","partyID":33174,"ticker":"002290","secShortName":"禾盛新材","exchangeCD":"XSHE","actPubtime":"2016-04-27 16:46:23","mergedFlag":"1","reportType":"Q1","fiscalPeriod":"3","accoutingStandards":"CHAS_2007","currencyCD":"CNY","tRevenue":226124041.72,"revenue":226124041.72,"TCogs":219065220.44,"COGS":194903820,"bizTaxSurchg":1771146.25,"sellExp":6748466.07,"adminExp":14195132.4,"finanExp":2252318.35,"assetsImpairLoss":-805662.63,"operateProfit":7058821.28,"NoperateIncome":1443247.41,"NoperateExp":78861.64,"TProfit":8423207.05,"incomeTax":1304114.81,"NIncome":7119092.24,"NIncomeAttrP":7119092.24,"basicEPS":0.03,"dilutedEPS":0.03,"TComprIncome":7119092.24,"comprIncAttrP":7119092.24},{"secID":"002290.XSHE","publishDate":"2016-04-27","endDate":"2015-12-31","endDateRep":"2015-12-31","partyID":33174,"ticker":"002290","secShortName":"禾盛新材","exchangeCD":"XSHE","actPubtime":"2016-04-26 19:09:24","mergedFlag":"1","reportType":"A","fiscalPeriod":"12","accoutingStandards":"CHAS_2007","currencyCD":"CNY","tRevenue":1082339894.35,"revenue":1082339894.35,"TCogs":1053623839.12,"COGS":929929333.97,"bizTaxSurchg":2664611.26,"sellExp":32643032.85,"adminExp":72418249.88,"finanExp":-2284829.67,"assetsImpairLoss":18253440.83,"fValueChgGain":594000,"investIncome":-622800,"operateProfit":28687255.23,"NoperateIncome":6662526.5,"NoperateExp":566894.1,"NCADisploss":630.57,"TProfit":34782887.63,"incomeTax":6514828.04,"NIncome":28268059.59,"NIncomeAttrP":28268059.59,"basicEPS":0.13,"dilutedEPS":0.13,"TComprIncome":28268059.59,"comprIncAttrP":28268059.59},{"secID":"002290.XSHE","publishDate":"2016-04-15","endDate":"2015-12-31","endDateRep":"2015-12-31","partyID":33174,"ticker":"002290","secShortName":"禾盛新材","exchangeCD":"XSHE","actPubtime":"2016-04-14 17:33:59","mergedFlag":"1","reportType":"A","fiscalPeriod":"12","accoutingStandards":"CHAS_2007","currencyCD":"CNY","tRevenue":1082339894.35,"revenue":1082339894.35,"TCogs":1053623839.12,"COGS":929929333.97,"bizTaxSurchg":2664611.26,"sellExp":32643032.85,"adminExp":72418249.88,"finanExp":-2284829.67,"assetsImpairLoss":18253440.83,"fValueChgGain":594000,"investIncome":-622800,"operateProfit":28687255.23,"NoperateIncome":6662526.5,"NoperateExp":566894.1,"NCADisploss":630.57,"TProfit":34782887.63,"incomeTax":6514828.04,"NIncome":28268059.59,"NIncomeAttrP":28268059.59,"basicEPS":0.13,"dilutedEPS":0.13,"TComprIncome":28268059.59,"comprIncAttrP":28268059.59}]}