{"retCode":1,"retMsg":"Partial Data Returned: the requested data is out of trial data range","data":[{"secID":"002399.XSHE","publishDate":"2016-12-13","endDate":"2016-09-30","endDateRep":"2016-09-30","partyID":36682,"ticker":"002399","secShortName":"海普瑞","exchangeCD":"XSHE","actPubtime":"2016-12-12 18:00:00","mergedFlag":"1","reportType":"CQ3","fiscalPeriod":"9","accoutingStandards":"CHAS_2007","currencyCD":"CNY","tRevenue":1643092800,"revenue":1643092800,"TCogs":1403817800,"COGS":1123508100,"bizTaxSurchg":13810200,"sellExp":19586600,"adminExp":293266200,"finanExp":-57128400,"assetsImpairLoss":10775100,"fValueChgGain":-4511000,"investIncome":103040200,"operateProfit":337804200,"NoperateIncome":8622500,"NoperateExp":759000,"NCADisploss":303100,"TProfit":345667800,"incomeTax":47929400,"NIncome":297738400,"NIncomeAttrP":303802700,"minorityGain":-6064300,"TComprIncome":210257500,"comprIncAttrP":210257500},{"secID":"002399.XSHE","publishDate":"2016-11-04","endDate":"2016-09-30","endDateRep":"2016-09-30","partyID":36682,"ticker":"002399","secShortName":"海普瑞","exchangeCD":"XSHE","actPubtime":"2016-11-03 18:00:00","mergedFlag":"1","reportType":"CQ3","fiscalPeriod":"9","accoutingStandards":"CHAS_2007","currencyCD":"CNY","tRevenue":1643092800,"revenue":1643092800,"TCogs":1403817800,"COGS":1123508100,"bizTaxSurchg":13810200,"sellExp":19586600,"adminExp":293266200,"finanExp":-57128400,"assetsImpairLoss":10775100,"fValueChgGain":-4511000,"investIncome":103040200,"operateProfit":337804200,"NoperateIncome":8622500,"NoperateExp":759000,"NCADisploss":303100,"TProfit":345667800,"incomeTax":47929400,"NIncome":297738400,"NIncomeAttrP":303802700,"minorityGain":-6064300,"TComprIncome":210257500,"comprIncAttrP":210257500},{"secID":"002399.XSHE","publishDate":"2016-10-29","endDate":"2016-09-30","endDateRep":"2016-09-30","partyID":36682,"ticker":"002399","secShortName":"海普瑞","exchangeCD":"XSHE","actPubtime":"2016-10-28 16:04:17","mergedFlag":"1","reportType":"Q3","fiscalPeriod":"3","accoutingStandards":"CHAS_2007","currencyCD":"CNY","tRevenue":453225093.27,"revenue":453225093.27,"TCogs":418166563.76,"COGS":338138254.25,"bizTaxSurchg":2922001.95,"sellExp":6054813.3,"adminExp":90635896.44,"finanExp":-26620768.19,"assetsImpairLoss":7036366.01,"fValueChgGain":-3423437.5,"investIncome":7759596.95,"AJInvestIncome":-993201.16,"operateProfit":39394688.96,"NoperateIncome":5250762.26,"NoperateExp":452697.2,"NCADisploss":105190.2,"TProfit":44192754.02,"incomeTax":2001056.09,"NIncome":42191697.93,"NIncomeAttrP":42810078.22,"minorityGain":-618380.29,"basicEPS":0.03,"dilutedEPS":0.03,"othComprIncome":77976640.05,"TComprIncome":120168337.98,"comprIncAttrP":120764860.84,"comprIncAttrMS":-596522.86},{"secID":"002399.XSHE","publishDate":"2016-10-29","endDate":"2016-09-30","endDateRep":"2016-09-30","partyID":36682,"ticker":"002399","secShortName":"海普瑞","exchangeCD":"XSHE","actPubtime":"2016-10-28 16:04:17","mergedFlag":"1","reportType":"CQ3","fiscalPeriod":"9","accoutingStandards":"CHAS_2007","currencyCD":"CNY","tRevenue":1643092826.51,"revenue":1643092826.51,"TCogs":1403817754.61,"COGS":1123508058.97,"bizTaxSurchg":13810204.05,"sellExp":19586589.48,"adminExp":293266229.81,"finanExp":-57128386.11,"assetsImpairLoss":10775058.41,"fValueChgGain":-4510997.5,"investIncome":103040156.6,"AJInvestIncome":-3408979.67,"operateProfit":337804231,"NoperateIncome":8622546.6,"NoperateExp":758982.15,"NCADisploss":303136.88,"TProfit":345667795.45,"incomeTax":47929444.43,"NIncome":297738351.02,"NIncomeAttrP":303802688.86,"minorityGain":-6064337.84,"basicEPS":0.24,"dilutedEPS":0.24,"othComprIncome":-87480890.31,"TComprIncome":210257460.71,"comprIncAttrP":216290458,"comprIncAttrMS":-6032997.29},{"secID":"002399.XSHE","publishDate":"2016-08-29","endDate":"2016-06-30","endDateRep":"2016-06-30","partyID":36682,"ticker":"002399","secShortName":"海普瑞","exchangeCD":"XSHE","actPubtime":"2016-08-28 17:24:48","mergedFlag":"1","reportType":"S1","fiscalPeriod":"6","accoutingStandards":"CHAS_2007","currencyCD":"CNY","tRevenue":1189867733.24,"revenue":1189867733.24,"TCogs":985651190.85,"COGS":785369804.72,"bizTaxSurchg":10888202.1,"sellExp":13531776.18,"adminExp":202630333.37,"finanExp":-30507617.92,"assetsImpairLoss":3738692.4,"fValueChgGain":-1087560,"investIncome":95280559.65,"AJInvestIncome":-2415778.51,"operateProfit":298409542.04,"NoperateIncome":3371784.34,"NoperateExp":306284.95,"NCADisploss":197946.68,"TProfit":301475041.43,"incomeTax":45928388.34,"NIncome":255546653.09,"NIncomeAttrP":260992610.64,"minorityGain":-5445957.55,"basicEPS":0.21,"dilutedEPS":0.21,"othComprIncome":-165457530.36,"TComprIncome":90089122.73,"comprIncAttrP":95525597.16,"comprIncAttrMS":-5436474.43},{"secID":"002399.XSHE","publishDate":"2016-04-29","endDate":"2016-03-31","endDateRep":"2016-03-31","partyID":36682,"ticker":"002399","secShortName":"海普瑞","exchangeCD":"XSHE","actPubtime":"2016-04-28 16:01:12","mergedFlag":"1","reportType":"Q1","fiscalPeriod":"3","accoutingStandards":"CHAS_2007","currencyCD":"CNY","tRevenue":671318141.76,"revenue":671318141.76,"TCogs":543893784.87,"COGS":423803517.07,"bizTaxSurchg":5594650.29,"sellExp":7296781.08,"adminExp":112015250.91,"finanExp":-7942191.5,"assetsImpairLoss":3125777.02,"fValueChgGain":1285030,"investIncome":96080062.83,"operateProfit":224789449.72,"NoperateIncome":1215580.01,"NoperateExp":174981.6,"NCADisploss":94065.73,"TProfit":225830048.13,"incomeTax":33760946.87,"NIncome":192069101.26,"NIncomeAttrP":195878487.07,"minorityGain":-3809385.81,"basicEPS":0.25,"dilutedEPS":0.25,"othComprIncome":-136228718.04,"TComprIncome":55840383.22,"comprIncAttrP":59649769.03,"comprIncAttrMS":-3809385.81},{"secID":"002399.XSHE","publishDate":"2016-12-13","endDate":"2015-12-31","endDateRep":"2016-09-30","partyID":36682,"ticker":"002399","secShortName":"海普瑞","exchangeCD":"XSHE","actPubtime":"2016-12-12 18:00:00","mergedFlag":"1","reportType":"A","fiscalPeriod":"12","accoutingStandards":"CHAS_2007","currencyCD":"CNY","tRevenue":2292300000,"revenue":2292300000,"TCogs":1756395000,"COGS":1443572400,"bizTaxSurchg":19101900,"sellExp":23067200,"adminExp":356545400,"finanExp":-121005600,"assetsImpairLoss":35113700,"fValueChgGain":-3622200,"investIncome":111613100,"operateProfit":643895900,"NoperateIncome":47692600,"NoperateExp":1046900,"NCADisploss":575700,"TProfit":690541600,"incomeTax":122463700,"NIncome":568078000,"NIncomeAttrP":579776700,"minorityGain":-11698700,"TComprIncome":793686500,"comprIncAttrP":793686500},{"secID":"002399.XSHE","publishDate":"2016-11-04","endDate":"2015-12-31","endDateRep":"2016-09-30","partyID":36682,"ticker":"002399","secShortName":"海普瑞","exchangeCD":"XSHE","actPubtime":"2016-11-03 18:00:00","mergedFlag":"1","reportType":"A","fiscalPeriod":"12","accoutingStandards":"CHAS_2007","currencyCD":"CNY","tRevenue":2292300000,"revenue":2292300000,"TCogs":1756395000,"COGS":1443572400,"bizTaxSurchg":19101900,"sellExp":23067200,"adminExp":356545400,"finanExp":-121005600,"assetsImpairLoss":35113700,"fValueChgGain":-3622200,"investIncome":111613100,"operateProfit":643895900,"NoperateIncome":47692600,"NoperateExp":1046900,"NCADisploss":575700,"TProfit":690541600,"incomeTax":122463700,"NIncome":568078000,"NIncomeAttrP":579776700,"minorityGain":-11698700,"TComprIncome":793686500,"comprIncAttrP":793686500},{"secID":"002399.XSHE","publishDate":"2016-04-26","endDate":"2015-12-31","endDateRep":"2015-12-31","partyID":36682,"ticker":"002399","secShortName":"海普瑞","exchangeCD":"XSHE","actPubtime":"2016-04-25 19:36:16","mergedFlag":"1","reportType":"A","fiscalPeriod":"12","accoutingStandards":"CHAS_2007","currencyCD":"CNY","tRevenue":2292299999.59,"revenue":2292299999.59,"TCogs":1756395003.93,"COGS":1443572380.85,"bizTaxSurchg":19101927.68,"sellExp":23067208.82,"adminExp":356545422.55,"finanExp":-121005618.5,"assetsImpairLoss":35113682.53,"fValueChgGain":-3622170,"investIncome":111613091.33,"operateProfit":643895916.99,"NoperateIncome":47692639.41,"NoperateExp":1046908.14,"NCADisploss":575699.42,"TProfit":690541648.26,"incomeTax":122463653.53,"NIncome":568077994.73,"NIncomeAttrP":579776673.83,"minorityGain":-11698679.1,"basicEPS":0.72,"dilutedEPS":0.72,"othComprIncome":225608497.74,"TComprIncome":793686492.47,"comprIncAttrP":805385171.57,"comprIncAttrMS":-11698679.1}]}