{"retCode":1,"retMsg":"Partial Data Returned: the requested data is out of trial data range","data":[{"secID":"002627.XSHE","publishDate":"2016-12-27","endDate":"2016-09-30","endDateRep":"2016-09-30","partyID":51807,"ticker":"002627","secShortName":"宜昌交运","exchangeCD":"XSHE","actPubtime":"2016-12-26 18:27:21","mergedFlag":"1","reportType":"Q3","fiscalPeriod":"3","accoutingStandards":"CHAS_2007","currencyCD":"CNY","tRevenue":458102177.46,"revenue":458102177.46,"TCogs":441437324.03,"COGS":402209270.11,"bizTaxSurchg":801581.48,"sellExp":9553330.4,"adminExp":23078602.14,"finanExp":5874939.9,"assetsImpairLoss":-80400,"investIncome":2534626.7,"operateProfit":19199480.13,"NoperateIncome":8727322.15,"NoperateExp":303005.52,"NCADisploss":146992.32,"TProfit":27623796.76,"incomeTax":6313708.94,"NIncome":21310087.82,"NIncomeAttrP":18189226.55,"minorityGain":3120861.27,"basicEPS":0.1362,"dilutedEPS":0.1362,"TComprIncome":21310087.82,"comprIncAttrP":18189226.55,"comprIncAttrMS":3120861.27},{"secID":"002627.XSHE","publishDate":"2016-12-27","endDate":"2016-09-30","endDateRep":"2016-09-30","partyID":51807,"ticker":"002627","secShortName":"宜昌交运","exchangeCD":"XSHE","actPubtime":"2016-12-26 18:27:21","mergedFlag":"1","reportType":"CQ3","fiscalPeriod":"9","accoutingStandards":"CHAS_2007","currencyCD":"CNY","tRevenue":1269480205.96,"revenue":1269480205.96,"TCogs":1220770987.98,"COGS":1101957266.91,"bizTaxSurchg":3517783.05,"sellExp":29385626.18,"adminExp":70169876.28,"finanExp":16166233.71,"assetsImpairLoss":-425798.15,"investIncome":4107922.95,"operateProfit":52817140.93,"NoperateIncome":11621844.32,"NoperateExp":2023936.16,"NCADisploss":1666611.5,"TProfit":62415049.09,"incomeTax":15935361.5,"NIncome":46479687.59,"NIncomeAttrP":43110712.44,"minorityGain":3368975.15,"basicEPS":0.3229,"dilutedEPS":0.3229,"TComprIncome":46479687.59,"comprIncAttrP":43110712.44,"comprIncAttrMS":3368975.15},{"secID":"002627.XSHE","publishDate":"2016-10-26","endDate":"2016-09-30","endDateRep":"2016-09-30","partyID":51807,"ticker":"002627","secShortName":"宜昌交运","exchangeCD":"XSHE","actPubtime":"2016-10-25 16:11:16","mergedFlag":"1","reportType":"Q3","fiscalPeriod":"3","accoutingStandards":"CHAS_2007","currencyCD":"CNY","tRevenue":458102177.46,"revenue":458102177.46,"TCogs":441437324.03,"COGS":402209270.11,"bizTaxSurchg":801581.48,"sellExp":9553330.4,"adminExp":23078602.14,"finanExp":5874939.9,"assetsImpairLoss":-80400,"investIncome":2534626.7,"operateProfit":19199480.13,"NoperateIncome":8727322.15,"NoperateExp":303005.52,"NCADisploss":146992.32,"TProfit":27623796.76,"incomeTax":6313708.94,"NIncome":21310087.82,"NIncomeAttrP":18189226.55,"minorityGain":3120861.27,"basicEPS":0.1362,"dilutedEPS":0.1362,"TComprIncome":21310087.82,"comprIncAttrP":18189226.55,"comprIncAttrMS":3120861.27},{"secID":"002627.XSHE","publishDate":"2016-10-26","endDate":"2016-09-30","endDateRep":"2016-09-30","partyID":51807,"ticker":"002627","secShortName":"宜昌交运","exchangeCD":"XSHE","actPubtime":"2016-10-25 16:11:16","mergedFlag":"1","reportType":"CQ3","fiscalPeriod":"9","accoutingStandards":"CHAS_2007","currencyCD":"CNY","tRevenue":1269480205.96,"revenue":1269480205.96,"TCogs":1220770987.98,"COGS":1101957266.91,"bizTaxSurchg":3517783.05,"sellExp":29385626.18,"adminExp":70169876.28,"finanExp":16166233.71,"assetsImpairLoss":-425798.15,"investIncome":4107922.95,"operateProfit":52817140.93,"NoperateIncome":11621844.32,"NoperateExp":2023936.16,"NCADisploss":1666611.5,"TProfit":62415049.09,"incomeTax":15935361.5,"NIncome":46479687.59,"NIncomeAttrP":43110712.44,"minorityGain":3368975.15,"basicEPS":0.3229,"dilutedEPS":0.3229,"TComprIncome":46479687.59,"comprIncAttrP":43110712.44,"comprIncAttrMS":3368975.15},{"secID":"002627.XSHE","publishDate":"2016-08-29","endDate":"2016-06-30","endDateRep":"2016-06-30","partyID":51807,"ticker":"002627","secShortName":"宜昌交运","exchangeCD":"XSHE","actPubtime":"2016-08-28 17:03:02","mergedFlag":"1","reportType":"S1","fiscalPeriod":"6","accoutingStandards":"CHAS_2007","currencyCD":"CNY","tRevenue":811378028.5,"revenue":811378028.5,"TCogs":779333663.95,"COGS":699747996.8,"bizTaxSurchg":2716201.57,"sellExp":19832295.78,"adminExp":47091274.14,"finanExp":10291293.81,"assetsImpairLoss":-345398.15,"investIncome":1573296.25,"operateProfit":33617660.8,"NoperateIncome":2894522.17,"NoperateExp":1720930.64,"NCADisploss":1519619.18,"TProfit":34791252.33,"incomeTax":9621652.56,"NIncome":25169599.77,"NIncomeAttrP":24921485.89,"minorityGain":248113.88,"basicEPS":0.1867,"dilutedEPS":0.1867,"TComprIncome":25169599.77,"comprIncAttrP":24921485.89,"comprIncAttrMS":248113.88},{"secID":"002627.XSHE","publishDate":"2016-04-29","endDate":"2016-03-31","endDateRep":"2016-03-31","partyID":51807,"ticker":"002627","secShortName":"宜昌交运","exchangeCD":"XSHE","actPubtime":"2016-04-28 17:43:20","mergedFlag":"1","reportType":"Q1","fiscalPeriod":"3","accoutingStandards":"CHAS_2007","currencyCD":"CNY","tRevenue":414927365.94,"revenue":414927365.94,"TCogs":399767419.9,"COGS":356010828.48,"bizTaxSurchg":1758727.64,"sellExp":10584421.43,"adminExp":25515063.34,"finanExp":5912138.91,"assetsImpairLoss":-13759.9,"investIncome":226863.37,"operateProfit":15386809.41,"NoperateIncome":1520333.04,"NoperateExp":641053.97,"NCADisploss":639975.7,"TProfit":16266088.48,"incomeTax":4274009.41,"NIncome":11992079.07,"NIncomeAttrP":12597809.46,"minorityGain":-605730.39,"basicEPS":0.09,"dilutedEPS":0.09,"TComprIncome":11992079.07,"comprIncAttrP":12597809.46,"comprIncAttrMS":-605730.39},{"secID":"002627.XSHE","publishDate":"2016-04-27","endDate":"2015-12-31","endDateRep":"2015-12-31","partyID":51807,"ticker":"002627","secShortName":"宜昌交运","exchangeCD":"XSHE","actPubtime":"2016-04-26 16:02:48","mergedFlag":"1","reportType":"A","fiscalPeriod":"12","accoutingStandards":"CHAS_2007","currencyCD":"CNY","tRevenue":1505084203.47,"revenue":1505084203.47,"TCogs":1452553251.74,"COGS":1308492520.54,"bizTaxSurchg":5685259.55,"sellExp":37014287.82,"adminExp":77102670.61,"finanExp":24689259.65,"assetsImpairLoss":-430746.43,"investIncome":8217978.5,"AJInvestIncome":-1968482.03,"operateProfit":60748930.23,"NoperateIncome":13573523.87,"NoperateExp":2518557.01,"NCADisploss":1949538.97,"TProfit":71803897.09,"incomeTax":22772600.64,"NIncome":49031296.45,"NIncomeAttrP":47812735.1,"minorityGain":1218561.35,"basicEPS":0.3581,"dilutedEPS":0.3581,"TComprIncome":49031296.45,"comprIncAttrP":47812735.1,"comprIncAttrMS":1218561.35},{"secID":"002627.XSHE","publishDate":"2016-04-26","endDate":"2015-12-31","endDateRep":"2015-12-31","partyID":51807,"ticker":"002627","secShortName":"宜昌交运","exchangeCD":"XSHE","actPubtime":"2016-04-25 19:36:43","mergedFlag":"1","reportType":"A","fiscalPeriod":"12","accoutingStandards":"CHAS_2007","currencyCD":"CNY","tRevenue":1505084203.47,"revenue":1505084203.47,"TCogs":1452553251.74,"COGS":1308492520.54,"bizTaxSurchg":5685259.55,"sellExp":37014287.82,"adminExp":77102670.61,"finanExp":24689259.65,"assetsImpairLoss":-430746.43,"investIncome":8217978.5,"AJInvestIncome":-1968482.03,"operateProfit":60748930.23,"NoperateIncome":13573523.87,"NoperateExp":2518557.01,"NCADisploss":1949538.97,"TProfit":71803897.09,"incomeTax":22772600.64,"NIncome":49031296.45,"NIncomeAttrP":47812735.1,"minorityGain":1218561.35,"basicEPS":0.3581,"dilutedEPS":0.3581,"TComprIncome":49031296.45,"comprIncAttrP":47812735.1,"comprIncAttrMS":1218561.35}]}