{"retCode":1,"retMsg":"Partial Data Returned: the requested data is out of trial data range","data":[{"secID":"300506.XSHE","publishDate":"2016-11-01","endDate":"2016-09-30","endDateRep":"2016-09-30","partyID":72855,"ticker":"300506","secShortName":"名家汇","exchangeCD":"XSHE","actPubtime":"2016-10-31 18:56:22","mergedFlag":"1","reportType":"Q3","fiscalPeriod":"3","accoutingStandards":"CHAS_2007","currencyCD":"CNY","tRevenue":84156053.55,"revenue":84156053.55,"TCogs":54919259.01,"COGS":30901497.43,"bizTaxSurchg":172682.8,"sellExp":5968529.1,"adminExp":13403631.4,"finanExp":261575.08,"assetsImpairLoss":4211343.2,"operateProfit":29236794.54,"NoperateIncome":253421.75,"NoperateExp":133197.09,"NCADisploss":33197.09,"TProfit":29357019.2,"incomeTax":4272390.8,"NIncome":25084628.4,"NIncomeAttrP":25084628.4,"basicEPS":0.09,"dilutedEPS":0.09,"TComprIncome":25084628.4,"comprIncAttrP":25084628.4},{"secID":"300506.XSHE","publishDate":"2016-11-01","endDate":"2016-09-30","endDateRep":"2016-09-30","partyID":72855,"ticker":"300506","secShortName":"名家汇","exchangeCD":"XSHE","actPubtime":"2016-10-31 18:56:22","mergedFlag":"1","reportType":"CQ3","fiscalPeriod":"9","accoutingStandards":"CHAS_2007","currencyCD":"CNY","tRevenue":216385772.1,"revenue":216385772.1,"TCogs":159311529.46,"COGS":98879781.42,"bizTaxSurchg":1832699.07,"sellExp":17417521.75,"adminExp":31228700.93,"finanExp":2128203.84,"assetsImpairLoss":7824622.45,"operateProfit":57074242.64,"NoperateIncome":626582.2,"NoperateExp":211197.09,"NCADisploss":33197.09,"TProfit":57489627.75,"incomeTax":8427069.76,"NIncome":49062557.99,"NIncomeAttrP":49062557.99,"basicEPS":0.18,"dilutedEPS":0.18,"TComprIncome":49062557.99,"comprIncAttrP":49062557.99},{"secID":"300506.XSHE","publishDate":"2016-10-31","endDate":"2016-09-30","endDateRep":"2016-09-30","partyID":72855,"ticker":"300506","secShortName":"名家汇","exchangeCD":"XSHE","actPubtime":"2016-10-30 17:03:51","mergedFlag":"1","reportType":"Q3","fiscalPeriod":"3","accoutingStandards":"CHAS_2007","currencyCD":"CNY","tRevenue":84156053.55,"revenue":84156053.55,"TCogs":54919259.01,"COGS":30901497.43,"bizTaxSurchg":172682.8,"sellExp":5968529.1,"adminExp":13403631.4,"finanExp":261575.08,"assetsImpairLoss":4211343.2,"operateProfit":29236794.54,"NoperateIncome":253421.75,"NoperateExp":133197.09,"NCADisploss":33197.09,"TProfit":29357019.2,"incomeTax":4272390.8,"NIncome":25084628.4,"NIncomeAttrP":25084628.4,"basicEPS":0.09,"dilutedEPS":0.09,"TComprIncome":25084628.4,"comprIncAttrP":25084628.4},{"secID":"300506.XSHE","publishDate":"2016-10-31","endDate":"2016-09-30","endDateRep":"2016-09-30","partyID":72855,"ticker":"300506","secShortName":"名家汇","exchangeCD":"XSHE","actPubtime":"2016-10-30 17:03:51","mergedFlag":"1","reportType":"CQ3","fiscalPeriod":"9","accoutingStandards":"CHAS_2007","currencyCD":"CNY","tRevenue":216385772.1,"revenue":216385772.1,"TCogs":159311529.46,"COGS":98879781.42,"bizTaxSurchg":1832699.07,"sellExp":17417521.75,"adminExp":31228700.93,"finanExp":2128203.84,"assetsImpairLoss":7824622.45,"operateProfit":57074242.64,"NoperateIncome":626582.2,"NoperateExp":211197.09,"NCADisploss":33197.09,"TProfit":57489627.75,"incomeTax":8427069.76,"NIncome":49062557.99,"NIncomeAttrP":49062557.99,"basicEPS":0.18,"dilutedEPS":0.18,"TComprIncome":49062557.99,"comprIncAttrP":49062557.99},{"secID":"300506.XSHE","publishDate":"2016-07-29","endDate":"2016-06-30","endDateRep":"2016-06-30","partyID":72855,"ticker":"300506","secShortName":"名家汇","exchangeCD":"XSHE","actPubtime":"2016-07-28 16:23:08","mergedFlag":"1","reportType":"S1","fiscalPeriod":"6","accoutingStandards":"CHAS_2007","currencyCD":"CNY","tRevenue":132229718.55,"revenue":132229718.55,"TCogs":104392270.45,"COGS":67978283.99,"bizTaxSurchg":1660016.27,"sellExp":11448992.65,"adminExp":17825069.53,"finanExp":1866628.76,"assetsImpairLoss":3613279.25,"operateProfit":27837448.1,"NoperateIncome":373160.45,"NoperateExp":78000,"TProfit":28132608.55,"incomeTax":4154678.96,"NIncome":23977929.59,"NIncomeAttrP":23977929.59,"basicEPS":0.23,"dilutedEPS":0.23,"TComprIncome":23977929.59,"comprIncAttrP":23977929.59},{"secID":"300506.XSHE","publishDate":"2016-07-28","endDate":"2016-06-30","endDateRep":"2016-06-30","partyID":72855,"ticker":"300506","secShortName":"名家汇","exchangeCD":"XSHE","actPubtime":"2016-07-27 17:50:03","mergedFlag":"1","reportType":"S1","fiscalPeriod":"6","accoutingStandards":"CHAS_2007","currencyCD":"CNY","tRevenue":132229718.55,"revenue":132229718.55,"TCogs":104392270.45,"COGS":67978283.99,"bizTaxSurchg":1660016.27,"sellExp":11448992.65,"adminExp":17825069.53,"finanExp":1866628.76,"assetsImpairLoss":3613279.25,"operateProfit":27837448.1,"NoperateIncome":373160.45,"NoperateExp":78000,"TProfit":28132608.55,"incomeTax":4154678.96,"NIncome":23977929.59,"NIncomeAttrP":23977929.59,"basicEPS":0.23,"dilutedEPS":0.23,"TComprIncome":23977929.59,"comprIncAttrP":23977929.59},{"secID":"300506.XSHE","publishDate":"2016-04-23","endDate":"2016-03-31","endDateRep":"2016-03-31","partyID":72855,"ticker":"300506","secShortName":"名家汇","exchangeCD":"XSHE","actPubtime":"2016-04-22 18:24:23","mergedFlag":"1","reportType":"Q1","fiscalPeriod":"3","accoutingStandards":"CHAS_2007","currencyCD":"CNY","tRevenue":52749734.33,"revenue":52749734.33,"TCogs":40478097.34,"COGS":24533106.62,"bizTaxSurchg":1774630.19,"sellExp":5328321.87,"adminExp":6999606.62,"finanExp":1479003.63,"assetsImpairLoss":363428.41,"operateProfit":12271636.99,"NoperateIncome":94684.66,"TProfit":12366321.65,"incomeTax":2446853.06,"NIncome":9919468.59,"NIncomeAttrP":9919468.59,"basicEPS":0.11,"dilutedEPS":0.11,"TComprIncome":9919468.59,"comprIncAttrP":9919468.59},{"secID":"300506.XSHE","publishDate":"2016-04-23","endDate":"2015-12-31","endDateRep":"2015-12-31","partyID":72855,"ticker":"300506","secShortName":"名家汇","exchangeCD":"XSHE","actPubtime":"2016-04-22 17:53:29","mergedFlag":"1","reportType":"A","fiscalPeriod":"12","accoutingStandards":"CHAS_2007","currencyCD":"CNY","tRevenue":247523411.62,"revenue":247523411.62,"TCogs":190652168.42,"COGS":120975802.69,"bizTaxSurchg":7592604.97,"sellExp":16729562.69,"adminExp":30562874.28,"finanExp":5153744.43,"assetsImpairLoss":9637579.36,"operateProfit":56871243.2,"NoperateIncome":1847065.6,"NoperateExp":23391.18,"NCADisploss":23383.97,"TProfit":58694917.62,"incomeTax":8987178.83,"NIncome":49707738.79,"NIncomeAttrP":49707738.79,"basicEPS":0.55,"dilutedEPS":0.55,"TComprIncome":49707738.79,"comprIncAttrP":49707738.79}]}