{"retCode":1,"retMsg":"Partial Data Returned: the requested data is out of trial data range","data":[{"secID":"300529.XSHE","publishDate":"2016-10-31","endDate":"2016-09-30","endDateRep":"2016-09-30","partyID":66238,"ticker":"300529","secShortName":"健帆生物","exchangeCD":"XSHE","actPubtime":"2016-10-30 16:47:46","mergedFlag":"1","reportType":"Q3","fiscalPeriod":"3","accoutingStandards":"CHAS_2007","currencyCD":"CNY","tRevenue":113597765.27,"revenue":113597765.27,"TCogs":68813343.23,"COGS":18192050.23,"bizTaxSurchg":1404650.18,"sellExp":33345373.18,"adminExp":17630112.78,"finanExp":-1255657.11,"assetsImpairLoss":-503186.03,"operateProfit":44784422.04,"NoperateIncome":1522379.87,"NoperateExp":102474.94,"NCADisploss":79866.32,"TProfit":46204326.97,"incomeTax":7477529.46,"NIncome":38726797.51,"NIncomeAttrP":38726797.51,"basicEPS":0.097,"dilutedEPS":0.097,"TComprIncome":38726797.51,"comprIncAttrP":38726797.51},{"secID":"300529.XSHE","publishDate":"2016-10-31","endDate":"2016-09-30","endDateRep":"2016-09-30","partyID":66238,"ticker":"300529","secShortName":"健帆生物","exchangeCD":"XSHE","actPubtime":"2016-10-30 16:47:46","mergedFlag":"1","reportType":"CQ3","fiscalPeriod":"9","accoutingStandards":"CHAS_2007","currencyCD":"CNY","tRevenue":373500462.75,"revenue":373500462.75,"TCogs":213133366.15,"COGS":58892751.42,"bizTaxSurchg":5937701.21,"sellExp":103394177.29,"adminExp":47544889.01,"finanExp":-3294333.45,"assetsImpairLoss":658180.67,"operateProfit":160367096.6,"NoperateIncome":6055136.42,"NoperateExp":188729.71,"NCADisploss":145354.56,"TProfit":166233503.31,"incomeTax":26997655.95,"NIncome":139235847.36,"NIncomeAttrP":139235847.36,"basicEPS":0.367,"dilutedEPS":0.367,"TComprIncome":139235847.36,"comprIncAttrP":139235847.36},{"secID":"300529.XSHE","publishDate":"2016-10-28","endDate":"2016-09-30","endDateRep":"2016-09-30","partyID":66238,"ticker":"300529","secShortName":"健帆生物","exchangeCD":"XSHE","actPubtime":"2016-10-27 19:39:21","mergedFlag":"1","reportType":"Q3","fiscalPeriod":"3","accoutingStandards":"CHAS_2007","currencyCD":"CNY","tRevenue":113597765.27,"revenue":113597765.27,"TCogs":68813343.23,"COGS":18192050.23,"bizTaxSurchg":1404650.18,"sellExp":33345373.18,"adminExp":17630112.78,"finanExp":-1255657.11,"assetsImpairLoss":-503186.03,"operateProfit":44784422.04,"NoperateIncome":1522379.87,"NoperateExp":102474.94,"NCADisploss":79866.32,"TProfit":46204326.97,"incomeTax":7477529.46,"NIncome":38726797.51,"NIncomeAttrP":38726797.51,"basicEPS":0.097,"dilutedEPS":0.097,"TComprIncome":38726797.51,"comprIncAttrP":38726797.51},{"secID":"300529.XSHE","publishDate":"2016-10-28","endDate":"2016-09-30","endDateRep":"2016-09-30","partyID":66238,"ticker":"300529","secShortName":"健帆生物","exchangeCD":"XSHE","actPubtime":"2016-10-27 19:39:21","mergedFlag":"1","reportType":"CQ3","fiscalPeriod":"9","accoutingStandards":"CHAS_2007","currencyCD":"CNY","tRevenue":373500462.75,"revenue":373500462.75,"TCogs":213133366.15,"COGS":58892751.42,"bizTaxSurchg":5937701.21,"sellExp":103394177.29,"adminExp":47544889.01,"finanExp":-3294333.45,"assetsImpairLoss":658180.67,"operateProfit":160367096.6,"NoperateIncome":6055136.42,"NoperateExp":188729.71,"NCADisploss":145354.56,"TProfit":166233503.31,"incomeTax":26997655.95,"NIncome":139235847.36,"NIncomeAttrP":139235847.36,"basicEPS":0.367,"dilutedEPS":0.367,"TComprIncome":139235847.36,"comprIncAttrP":139235847.36},{"secID":"300529.XSHE","publishDate":"2016-08-01","endDate":"2016-06-30","endDateRep":"2016-06-30","partyID":66238,"ticker":"300529","secShortName":"健帆生物","exchangeCD":"XSHE","actPubtime":"2016-07-31 16:20:46","mergedFlag":"1","reportType":"S1","fiscalPeriod":"6","accoutingStandards":"CHAS_2007","currencyCD":"CNY","tRevenue":259902697.48,"revenue":259902697.48,"TCogs":144320022.92,"COGS":40700701.19,"bizTaxSurchg":4533051.03,"sellExp":70048804.11,"adminExp":29914776.23,"finanExp":-2038676.34,"assetsImpairLoss":1161366.7,"operateProfit":115582674.56,"NoperateIncome":4532756.55,"NoperateExp":86254.77,"NCADisploss":65488.24,"TProfit":120029176.34,"incomeTax":19520126.49,"NIncome":100509049.85,"NIncomeAttrP":100509049.85,"basicEPS":0.27,"dilutedEPS":0.27,"TComprIncome":100509049.85,"comprIncAttrP":100509049.85},{"secID":"300529.XSHE","publishDate":"2016-07-14","endDate":"2016-03-31","endDateRep":"2016-03-31","partyID":66238,"ticker":"300529","secShortName":"健帆生物","exchangeCD":"XSHE","actPubtime":"2016-07-13 18:00:00","mergedFlag":"1","reportType":"Q1","fiscalPeriod":"3","accoutingStandards":"CHAS_2007","currencyCD":"CNY","tRevenue":125595899.48,"revenue":125595899.48,"TCogs":71100657.35,"COGS":20275454.23,"bizTaxSurchg":2272164.5,"sellExp":35273697.18,"adminExp":12975537.93,"finanExp":-587638.17,"assetsImpairLoss":891441.68,"operateProfit":54495242.13,"NoperateIncome":1827245.14,"NoperateExp":44926.5,"TProfit":56277560.77,"incomeTax":9382901.87,"NIncome":46894658.9,"NIncomeAttrP":46894658.9,"TComprIncome":46894658.9,"comprIncAttrP":46894658.9},{"secID":"300529.XSHE","publishDate":"2016-07-21","endDate":"2015-12-31","endDateRep":"2015-12-31","partyID":66238,"ticker":"300529","secShortName":"健帆生物","exchangeCD":"XSHE","actPubtime":"2016-07-21 00:05:37","mergedFlag":"1","reportType":"A","fiscalPeriod":"12","accoutingStandards":"CHAS_2007","currencyCD":"CNY","tRevenue":508905176.84,"revenue":508905176.84,"TCogs":276864837.88,"COGS":78624573.59,"bizTaxSurchg":9080089.55,"sellExp":137173599.82,"adminExp":56211224.72,"finanExp":-5122300.27,"assetsImpairLoss":897650.47,"operateProfit":232040338.96,"NoperateIncome":8005610.3,"NoperateExp":223146.98,"NCADisploss":32049.54,"TProfit":239822802.28,"incomeTax":39381768.22,"NIncome":200441034.06,"NIncomeAttrP":200441034.06,"basicEPS":0.54,"dilutedEPS":0.54,"TComprIncome":200441034.06,"comprIncAttrP":200441034.06},{"secID":"300529.XSHE","publishDate":"2016-07-14","endDate":"2015-12-31","endDateRep":"2015-12-31","partyID":66238,"ticker":"300529","secShortName":"健帆生物","exchangeCD":"XSHE","actPubtime":"2016-07-14 00:01:42","mergedFlag":"1","reportType":"A","fiscalPeriod":"12","accoutingStandards":"CHAS_2007","currencyCD":"CNY","tRevenue":508905176.84,"revenue":508905176.84,"TCogs":276864837.88,"COGS":78624573.59,"bizTaxSurchg":9080089.55,"sellExp":137173599.82,"adminExp":56211224.72,"finanExp":-5122300.27,"assetsImpairLoss":897650.47,"operateProfit":232040338.96,"NoperateIncome":8005610.3,"NoperateExp":223146.98,"NCADisploss":32049.54,"TProfit":239822802.28,"incomeTax":39381768.22,"NIncome":200441034.06,"NIncomeAttrP":200441034.06,"basicEPS":0.54,"dilutedEPS":0.54,"TComprIncome":200441034.06,"comprIncAttrP":200441034.06}]}