{"retCode":1,"retMsg":"Partial Data Returned: the requested data is out of trial data range","data":[{"secID":"600151.XSHG","publishDate":"2016-10-29","endDate":"2016-09-30","endDateRep":"2016-09-30","partyID":727,"ticker":"600151","secShortName":"航天机电","exchangeCD":"XSHG","actPubtime":"2016-10-28 18:23:45","mergedFlag":"1","reportType":"Q3","fiscalPeriod":"3","accoutingStandards":"CHAS_2007","currencyCD":"CNY","tRevenue":1143568890.71,"revenue":1143568890.71,"TCogs":1154989879.4,"COGS":930660066.77,"bizTaxSurchg":2285711.94,"sellExp":42703460.63,"adminExp":139614606.65,"finanExp":54865815.91,"assetsImpairLoss":-15139782.5,"investIncome":8907228.1,"AJInvestIncome":-1054983.88,"operateProfit":-2513760.59,"NoperateIncome":6338253.55,"NoperateExp":47184.61,"TProfit":3777308.35,"incomeTax":4681826.3,"NIncome":-904517.95,"NIncomeAttrP":-2901916.44,"minorityGain":1997398.49,"basicEPS":-0.0035,"dilutedEPS":-0.0035,"othComprIncome":-4986699.72,"TComprIncome":-5891217.67,"comprIncAttrP":-7888616.16,"comprIncAttrMS":1997398.49},{"secID":"600151.XSHG","publishDate":"2016-10-29","endDate":"2016-09-30","endDateRep":"2016-09-30","partyID":727,"ticker":"600151","secShortName":"航天机电","exchangeCD":"XSHG","actPubtime":"2016-10-28 18:23:45","mergedFlag":"1","reportType":"CQ3","fiscalPeriod":"9","accoutingStandards":"CHAS_2007","currencyCD":"CNY","tRevenue":3550367854.43,"revenue":3550367854.43,"TCogs":3556555193.64,"COGS":2875574200.17,"bizTaxSurchg":9699034.23,"sellExp":108780605.52,"adminExp":364334368.05,"finanExp":148810666.76,"assetsImpairLoss":49356318.91,"investIncome":87577006.89,"AJInvestIncome":-1765561,"operateProfit":81389667.68,"NoperateIncome":17465643.14,"NoperateExp":355564.05,"NCADisploss":296545.4,"TProfit":98499746.77,"incomeTax":9926534.9,"NIncome":88573211.87,"NIncomeAttrP":93470235.97,"minorityGain":-4897024.1,"basicEPS":0.0736,"dilutedEPS":0.0736,"othComprIncome":-46192218.81,"TComprIncome":42380993.06,"comprIncAttrP":47278017.16,"comprIncAttrMS":-4897024.1},{"secID":"600151.XSHG","publishDate":"2016-10-28","endDate":"2016-09-30","endDateRep":"2016-09-30","partyID":727,"ticker":"600151","secShortName":"航天机电","exchangeCD":"XSHG","actPubtime":"2016-10-27 18:25:41","mergedFlag":"1","reportType":"Q3","fiscalPeriod":"3","accoutingStandards":"CHAS_2007","currencyCD":"CNY","tRevenue":1143568890.71,"revenue":1143568890.71,"TCogs":1154989879.4,"COGS":930660066.77,"bizTaxSurchg":2285711.94,"sellExp":42703460.63,"adminExp":139614606.65,"finanExp":54865815.91,"assetsImpairLoss":-15139782.5,"investIncome":8907228.1,"AJInvestIncome":-1054983.88,"operateProfit":-2513760.59,"NoperateIncome":6338253.55,"NoperateExp":47184.61,"TProfit":3777308.35,"incomeTax":4681826.3,"NIncome":-904517.95,"NIncomeAttrP":-2901916.44,"minorityGain":1997398.49,"basicEPS":-0.0035,"dilutedEPS":-0.0035,"othComprIncome":-4986699.72,"TComprIncome":-5891217.67,"comprIncAttrP":-7888616.16,"comprIncAttrMS":1997398.49},{"secID":"600151.XSHG","publishDate":"2016-10-28","endDate":"2016-09-30","endDateRep":"2016-09-30","partyID":727,"ticker":"600151","secShortName":"航天机电","exchangeCD":"XSHG","actPubtime":"2016-10-27 18:25:41","mergedFlag":"1","reportType":"CQ3","fiscalPeriod":"9","accoutingStandards":"CHAS_2007","currencyCD":"CNY","tRevenue":3550367854.43,"revenue":3550367854.43,"TCogs":3556555193.64,"COGS":2875574200.17,"bizTaxSurchg":9699034.23,"sellExp":108780605.52,"adminExp":364334368.05,"finanExp":148810666.76,"assetsImpairLoss":49356318.91,"investIncome":87577006.89,"AJInvestIncome":-1765561,"operateProfit":81389667.68,"NoperateIncome":17465643.14,"NoperateExp":355564.05,"NCADisploss":296545.4,"TProfit":98499746.77,"incomeTax":9926534.9,"NIncome":88573211.87,"NIncomeAttrP":93470235.97,"minorityGain":-4897024.1,"basicEPS":0.0736,"dilutedEPS":0.0736,"othComprIncome":-46192218.81,"TComprIncome":42380993.06,"comprIncAttrP":47278017.16,"comprIncAttrMS":-4897024.1},{"secID":"600151.XSHG","publishDate":"2016-08-23","endDate":"2016-06-30","endDateRep":"2016-06-30","partyID":727,"ticker":"600151","secShortName":"航天机电","exchangeCD":"XSHG","actPubtime":"2016-08-22 16:01:14","mergedFlag":"1","reportType":"S1","fiscalPeriod":"6","accoutingStandards":"CHAS_2007","currencyCD":"CNY","tRevenue":2406798963.72,"revenue":2406798963.72,"TCogs":2401565314.24,"COGS":1944914133.4,"bizTaxSurchg":7413322.29,"sellExp":66077144.89,"adminExp":224719761.4,"finanExp":93944850.85,"assetsImpairLoss":64496101.41,"investIncome":78669778.79,"AJInvestIncome":-710577.12,"operateProfit":83903428.27,"NoperateIncome":11127389.59,"NoperateExp":308379.44,"NCADisploss":296545.4,"TProfit":94722438.42,"incomeTax":5244708.6,"NIncome":89477729.82,"NIncomeAttrP":96372152.41,"minorityGain":-6894422.59,"basicEPS":0.077,"dilutedEPS":0.077,"othComprIncome":-41205519.09,"TComprIncome":48272210.73,"comprIncAttrP":55166633.32,"comprIncAttrMS":-6894422.59},{"secID":"600151.XSHG","publishDate":"2016-04-29","endDate":"2016-03-31","endDateRep":"2016-03-31","partyID":727,"ticker":"600151","secShortName":"航天机电","exchangeCD":"XSHG","actPubtime":"2016-04-28 17:09:14","mergedFlag":"1","reportType":"Q1","fiscalPeriod":"3","accoutingStandards":"CHAS_2007","currencyCD":"CNY","tRevenue":765833077.69,"revenue":765833077.69,"TCogs":783458813.15,"COGS":615368651.57,"bizTaxSurchg":3809359.51,"sellExp":31218411.16,"adminExp":93058222.09,"finanExp":40813533.42,"assetsImpairLoss":-809364.6,"investIncome":58435240.84,"AJInvestIncome":-1243359.9,"operateProfit":40809505.38,"NoperateIncome":4853139.91,"NoperateExp":10906.96,"NCADisploss":4894.66,"TProfit":45651738.33,"incomeTax":2671050.29,"NIncome":42980688.04,"NIncomeAttrP":46348316.26,"minorityGain":-3367628.22,"basicEPS":0.04,"dilutedEPS":0.04,"othComprIncome":-27984660.78,"TComprIncome":14996027.26,"comprIncAttrP":18363655.48,"comprIncAttrMS":-3367628.22},{"secID":"600151.XSHG","publishDate":"2016-05-31","endDate":"2015-12-31","endDateRep":"2015-12-31","partyID":727,"ticker":"600151","secShortName":"航天机电","exchangeCD":"XSHG","actPubtime":"2016-05-30 15:40:36","mergedFlag":"1","reportType":"A","fiscalPeriod":"12","accoutingStandards":"CHAS_2007","currencyCD":"CNY","tRevenue":4039940071.25,"revenue":4039940071.25,"TCogs":4141219841.61,"COGS":3356256665.55,"bizTaxSurchg":22587693.56,"sellExp":114757682.11,"adminExp":389857391.76,"finanExp":167383001.99,"assetsImpairLoss":90377406.64,"investIncome":254143446.05,"AJInvestIncome":61071149.09,"operateProfit":152863675.69,"NoperateIncome":44223902.04,"NoperateExp":1436709.39,"NCADisploss":1253509.85,"TProfit":195650868.34,"incomeTax":15477595.94,"NIncome":180173272.4,"NIncomeAttrP":172615475.77,"minorityGain":7557796.63,"basicEPS":0.14,"dilutedEPS":0.14,"othComprIncome":186251273.93,"TComprIncome":366424546.33,"comprIncAttrP":358866749.7,"comprIncAttrMS":7557796.63},{"secID":"600151.XSHG","publishDate":"2016-04-12","endDate":"2015-12-31","endDateRep":"2015-12-31","partyID":727,"ticker":"600151","secShortName":"航天机电","exchangeCD":"XSHG","actPubtime":"2016-04-11 15:50:21","mergedFlag":"1","reportType":"A","fiscalPeriod":"12","accoutingStandards":"CHAS_2007","currencyCD":"CNY","tRevenue":4039940071.25,"revenue":4039940071.25,"TCogs":4141219841.61,"COGS":3356256665.55,"bizTaxSurchg":22587693.56,"sellExp":114757682.11,"adminExp":389857391.76,"finanExp":167383001.99,"assetsImpairLoss":90377406.64,"investIncome":254143446.05,"AJInvestIncome":61071149.09,"operateProfit":152863675.69,"NoperateIncome":44223902.04,"NoperateExp":1436709.39,"NCADisploss":1253509.85,"TProfit":195650868.34,"incomeTax":15477595.94,"NIncome":180173272.4,"NIncomeAttrP":172615475.77,"minorityGain":7557796.63,"basicEPS":0.14,"dilutedEPS":0.14,"othComprIncome":186251273.93,"TComprIncome":366424546.33,"comprIncAttrP":358866749.7,"comprIncAttrMS":7557796.63}]}