{"retCode":1,"retMsg":"Partial Data Returned: the requested data is out of trial data range","data":[{"secID":"600654.XSHG","publishDate":"2016-10-31","endDate":"2016-09-30","endDateRep":"2016-09-30","partyID":1160,"ticker":"600654","secShortName":"中安消","exchangeCD":"XSHG","actPubtime":"2016-10-30 15:00:02","mergedFlag":"1","reportType":"Q3","fiscalPeriod":"3","accoutingStandards":"CHAS_2007","currencyCD":"CNY","tRevenue":967452724.15,"revenue":967452724.15,"TCogs":876638518.44,"COGS":705834977.21,"bizTaxSurchg":-186429.03,"sellExp":17202054.59,"adminExp":102338612.65,"finanExp":35837332.02,"assetsImpairLoss":15611971,"investIncome":-355181.49,"AJInvestIncome":-444357.91,"operateProfit":90459024.22,"NoperateIncome":7772927.7,"NoperateExp":770576.82,"NCADisploss":248727.35,"TProfit":97461375.1,"incomeTax":25253904.53,"NIncome":72207470.57,"NIncomeAttrP":72207470.57,"othComprIncome":6543849.85,"TComprIncome":78751320.42,"comprIncAttrP":78751320.42},{"secID":"600654.XSHG","publishDate":"2016-10-31","endDate":"2016-09-30","endDateRep":"2016-09-30","partyID":1160,"ticker":"600654","secShortName":"中安消","exchangeCD":"XSHG","actPubtime":"2016-10-30 15:00:02","mergedFlag":"1","reportType":"CQ3","fiscalPeriod":"9","accoutingStandards":"CHAS_2007","currencyCD":"CNY","tRevenue":2300831170.73,"revenue":2300831170.73,"TCogs":2133935270.22,"COGS":1681912916.62,"bizTaxSurchg":8086835.39,"sellExp":47580607.27,"adminExp":269675086.9,"finanExp":83182914.75,"assetsImpairLoss":43496909.29,"fValueChgGain":200530603.55,"investIncome":-791431.66,"AJInvestIncome":-880608.08,"operateProfit":366635072.4,"NoperateIncome":10712601.15,"NoperateExp":1491936.66,"NCADisploss":657384.87,"TProfit":375855736.89,"incomeTax":100532407.27,"NIncome":275323329.62,"NIncomeAttrP":275323329.62,"basicEPS":0.21,"dilutedEPS":0.21,"othComprIncome":14892992.18,"TComprIncome":290216321.8,"comprIncAttrP":290216321.8},{"secID":"600654.XSHG","publishDate":"2016-11-08","endDate":"2016-06-30","endDateRep":"2016-06-30","partyID":1160,"ticker":"600654","secShortName":"中安消","exchangeCD":"XSHG","actPubtime":"2016-11-07 18:00:00","mergedFlag":"1","reportType":"S1","fiscalPeriod":"6","accoutingStandards":"CHAS_2007","currencyCD":"CNY","tRevenue":1333378446.58,"revenue":1333378446.58,"TCogs":1257296751.78,"COGS":976077939.41,"bizTaxSurchg":8273264.42,"sellExp":30378552.68,"adminExp":167336474.25,"finanExp":47345582.73,"assetsImpairLoss":27884938.29,"fValueChgGain":200530603.55,"investIncome":-436250.17,"AJInvestIncome":-436250.17,"operateProfit":276176048.18,"NoperateIncome":2939673.45,"NoperateExp":721359.84,"NCADisploss":408657.52,"TProfit":278394361.79,"incomeTax":75278502.74,"NIncome":203115859.05,"NIncomeAttrP":203115859.05,"basicEPS":0.16,"dilutedEPS":0.16,"othComprIncome":8349142.33,"TComprIncome":211465001.38,"comprIncAttrP":211465001.38},{"secID":"600654.XSHG","publishDate":"2016-09-28","endDate":"2016-06-30","endDateRep":"2016-06-30","partyID":1160,"ticker":"600654","secShortName":"中安消","exchangeCD":"XSHG","actPubtime":"2016-09-27 19:26:38","mergedFlag":"1","reportType":"S1","fiscalPeriod":"6","accoutingStandards":"CHAS_2007","currencyCD":"CNY","tRevenue":1333378446.58,"revenue":1333378446.58,"TCogs":1257296751.78,"COGS":976077939.41,"bizTaxSurchg":8273264.42,"sellExp":30378552.68,"adminExp":167336474.25,"finanExp":47345582.73,"assetsImpairLoss":27884938.29,"fValueChgGain":200530603.55,"investIncome":-436250.17,"AJInvestIncome":-436250.17,"operateProfit":276176048.18,"NoperateIncome":2939673.45,"NoperateExp":721359.84,"NCADisploss":408657.52,"TProfit":278394361.79,"incomeTax":75278502.74,"NIncome":203115859.05,"NIncomeAttrP":203115859.05,"othComprIncome":8349142.33,"TComprIncome":211465001.38,"comprIncAttrP":211465001.38},{"secID":"600654.XSHG","publishDate":"2016-08-31","endDate":"2016-06-30","endDateRep":"2016-06-30","partyID":1160,"ticker":"600654","secShortName":"中安消","exchangeCD":"XSHG","actPubtime":"2016-08-30 19:14:51","mergedFlag":"1","reportType":"S1","fiscalPeriod":"6","accoutingStandards":"CHAS_2007","currencyCD":"CNY","tRevenue":1333378446.58,"revenue":1333378446.58,"TCogs":1257296751.78,"COGS":976077939.41,"bizTaxSurchg":8273264.42,"sellExp":30378552.68,"adminExp":167336474.25,"finanExp":47345582.73,"assetsImpairLoss":27884938.29,"fValueChgGain":261766436.54,"investIncome":-436250.17,"AJInvestIncome":-436250.17,"operateProfit":337411881.17,"NoperateIncome":2939673.45,"NoperateExp":721359.84,"NCADisploss":408657.52,"TProfit":339630194.78,"incomeTax":90587460.99,"NIncome":249042733.79,"NIncomeAttrP":249042733.79,"othComprIncome":8349142.33,"TComprIncome":257391876.12,"comprIncAttrP":257391876.12},{"secID":"600654.XSHG","publishDate":"2016-04-29","endDate":"2016-03-31","endDateRep":"2016-03-31","partyID":1160,"ticker":"600654","secShortName":"中安消","exchangeCD":"XSHG","actPubtime":"2016-04-28 19:18:24","mergedFlag":"1","reportType":"Q1","fiscalPeriod":"3","accoutingStandards":"CHAS_2007","currencyCD":"CNY","tRevenue":700658966.09,"revenue":700658966.09,"TCogs":630183378.27,"COGS":497374653.85,"bizTaxSurchg":11163153.67,"sellExp":13802984.14,"adminExp":69480005.09,"finanExp":21047494.33,"assetsImpairLoss":17315087.19,"investIncome":-156837.85,"operateProfit":70318749.97,"NoperateIncome":2199908.34,"NoperateExp":50785.51,"NCADisploss":37743.85,"TProfit":72467872.8,"incomeTax":17007170.57,"NIncome":55460702.23,"NIncomeAttrP":55460702.23,"basicEPS":0.04,"dilutedEPS":0.04,"othComprIncome":-3398861.23,"TComprIncome":52061841,"comprIncAttrP":52061841},{"secID":"600654.XSHG","publishDate":"2016-11-08","endDate":"2015-12-31","endDateRep":"2016-06-30","partyID":1160,"ticker":"600654","secShortName":"中安消","exchangeCD":"XSHG","actPubtime":"2016-11-07 18:00:00","mergedFlag":"1","reportType":"A","fiscalPeriod":"12","accoutingStandards":"CHAS_2007","currencyCD":"CNY","tRevenue":1976164283.31,"revenue":1976164283.31,"TCogs":1661077509.61,"COGS":1347225822.52,"bizTaxSurchg":32028856.82,"sellExp":51482715.55,"adminExp":212526597.7,"finanExp":6343132.13,"assetsImpairLoss":11470384.89,"investIncome":2002600.21,"AJInvestIncome":-1281641.27,"operateProfit":317089373.91,"NoperateIncome":10603146,"NoperateExp":1077874.49,"NCADisploss":46725.83,"TProfit":326614645.42,"incomeTax":46498874.82,"NIncome":280115770.6,"NIncomeAttrP":280115770.6,"basicEPS":0.22,"dilutedEPS":0.22,"othComprIncome":56197227.43,"TComprIncome":336312998.03,"comprIncAttrP":336312998.03},{"secID":"600654.XSHG","publishDate":"2016-05-10","endDate":"2015-12-31","endDateRep":"2015-12-31","partyID":1160,"ticker":"600654","secShortName":"中安消","exchangeCD":"XSHG","actPubtime":"2016-05-09 19:31:13","mergedFlag":"1","reportType":"A","fiscalPeriod":"12","accoutingStandards":"CHAS_2007","currencyCD":"CNY","tRevenue":1976164283.31,"revenue":1976164283.31,"TCogs":1661077509.61,"COGS":1347225822.52,"bizTaxSurchg":32028856.82,"sellExp":51482715.55,"adminExp":212526597.7,"finanExp":6343132.13,"assetsImpairLoss":11470384.89,"investIncome":2002600.21,"AJInvestIncome":-1281641.27,"operateProfit":317089373.91,"NoperateIncome":10603146,"NoperateExp":1077874.49,"NCADisploss":46725.83,"TProfit":326614645.42,"incomeTax":46498874.82,"NIncome":280115770.6,"NIncomeAttrP":280115770.6,"basicEPS":0.22,"dilutedEPS":0.22,"othComprIncome":56197227.43,"TComprIncome":336312998.03,"comprIncAttrP":336312998.03},{"secID":"600654.XSHG","publishDate":"2016-03-31","endDate":"2015-12-31","endDateRep":"2015-12-31","partyID":1160,"ticker":"600654","secShortName":"中安消","exchangeCD":"XSHG","actPubtime":"2016-03-31 01:04:06","mergedFlag":"1","reportType":"A","fiscalPeriod":"12","accoutingStandards":"CHAS_2007","currencyCD":"CNY","tRevenue":1976164283.31,"revenue":1976164283.31,"TCogs":1661077509.61,"COGS":1347225822.52,"bizTaxSurchg":32028856.82,"sellExp":51482715.55,"adminExp":212526597.7,"finanExp":6343132.13,"assetsImpairLoss":11470384.89,"investIncome":2002600.21,"AJInvestIncome":-1281641.27,"operateProfit":317089373.91,"NoperateIncome":10603146,"NoperateExp":1077874.49,"NCADisploss":46725.83,"TProfit":326614645.42,"incomeTax":46498874.82,"NIncome":280115770.6,"NIncomeAttrP":280115770.6,"basicEPS":0.22,"dilutedEPS":0.22,"othComprIncome":56197227.43,"TComprIncome":336312998.03,"comprIncAttrP":336312998.03}]}