{"retCode":1,"retMsg":"Partial Data Returned: the requested data is out of trial data range","data":[{"secID":"600886.XSHG","publishDate":"2016-10-31","endDate":"2016-09-30","endDateRep":"2016-09-30","partyID":1392,"ticker":"600886","secShortName":"国投电力","exchangeCD":"XSHG","actPubtime":"2016-10-30 15:20:56","mergedFlag":"1","reportType":"Q3","fiscalPeriod":"3","accoutingStandards":"CHAS_2007","currencyCD":"CNY","tRevenue":9001401491.64,"revenue":9001401491.64,"TCogs":5594879039.19,"COGS":3958204696.89,"bizTaxSurchg":122659004.65,"sellExp":1449696.04,"adminExp":279857640.39,"finanExp":1232708001.22,"investIncome":328156926.33,"AJInvestIncome":186504536.76,"operateProfit":3734679378.78,"NoperateIncome":282054882.69,"NoperateExp":24206912.18,"NCADisploss":308844.06,"TProfit":3992527349.29,"incomeTax":452440420.69,"NIncome":3540086928.6,"NIncomeAttrP":1922893861.34,"minorityGain":1617193067.26,"basicEPS":0.2834,"dilutedEPS":0.2834,"othComprIncome":15397378.11,"TComprIncome":3555484306.71,"comprIncAttrP":1938291239.45,"comprIncAttrMS":1617193067.26},{"secID":"600886.XSHG","publishDate":"2016-10-31","endDate":"2016-09-30","endDateRep":"2016-09-30","partyID":1392,"ticker":"600886","secShortName":"国投电力","exchangeCD":"XSHG","actPubtime":"2016-10-30 15:20:56","mergedFlag":"1","reportType":"CQ3","fiscalPeriod":"9","accoutingStandards":"CHAS_2007","currencyCD":"CNY","tRevenue":22139965801.99,"revenue":22139965801.99,"TCogs":15260187849.68,"COGS":10443343469.48,"bizTaxSurchg":310049176.24,"sellExp":4483665.44,"adminExp":690956986.73,"finanExp":3788750145.2,"assetsImpairLoss":22604406.59,"investIncome":695358546.81,"AJInvestIncome":489935065.3,"operateProfit":7575136499.12,"NoperateIncome":790863977.11,"NoperateExp":602577875.28,"NCADisploss":1112059.92,"TProfit":7763422600.95,"incomeTax":990946211.74,"NIncome":6772476389.21,"NIncomeAttrP":3409231824.67,"minorityGain":3363244564.54,"basicEPS":0.5024,"dilutedEPS":0.5024,"othComprIncome":-9016658.69,"TComprIncome":6763459730.52,"comprIncAttrP":3400215165.98,"comprIncAttrMS":3363244564.54},{"secID":"600886.XSHG","publishDate":"2016-11-15","endDate":"2016-06-30","endDateRep":"2016-06-30","partyID":1392,"ticker":"600886","secShortName":"国投电力","exchangeCD":"XSHG","actPubtime":"2016-11-14 18:00:00","mergedFlag":"1","reportType":"S1","fiscalPeriod":"6","accoutingStandards":"CHAS_2007","currencyCD":"CNY","tRevenue":13138564300,"revenue":13138564300,"TCogs":9665308800,"COGS":6485138800,"bizTaxSurchg":187390200,"sellExp":3034000,"adminExp":411099300,"finanExp":2556042100,"assetsImpairLoss":22604400,"investIncome":367201600,"operateProfit":3840457100,"NoperateIncome":508809100,"NoperateExp":578371000,"TProfit":3770895300,"incomeTax":538505800,"NIncome":3232389500,"NIncomeAttrP":1486338000,"minorityGain":1746051500,"basicEPS":0.219,"dilutedEPS":0.219,"othComprIncome":-24414000,"TComprIncome":3207975400,"comprIncAttrP":1461923900,"comprIncAttrMS":1746051500},{"secID":"600886.XSHG","publishDate":"2016-08-31","endDate":"2016-06-30","endDateRep":"2016-06-30","partyID":1392,"ticker":"600886","secShortName":"国投电力","exchangeCD":"XSHG","actPubtime":"2016-08-30 16:25:48","mergedFlag":"1","reportType":"S1","fiscalPeriod":"6","accoutingStandards":"CHAS_2007","currencyCD":"CNY","tRevenue":13138564310.35,"revenue":13138564310.35,"TCogs":9665308810.49,"COGS":6485138772.59,"bizTaxSurchg":187390171.59,"sellExp":3033969.4,"adminExp":411099346.34,"finanExp":2556042143.98,"assetsImpairLoss":22604406.59,"investIncome":367201620.48,"AJInvestIncome":303430528.54,"operateProfit":3840457120.34,"NoperateIncome":508809094.42,"NoperateExp":578370963.1,"NCADisploss":803215.86,"TProfit":3770895251.66,"incomeTax":538505791.05,"NIncome":3232389460.61,"NIncomeAttrP":1486337963.33,"minorityGain":1746051497.28,"basicEPS":0.219,"dilutedEPS":0.219,"othComprIncome":-24414036.8,"TComprIncome":3207975423.81,"comprIncAttrP":1461923926.53,"comprIncAttrMS":1746051497.28},{"secID":"600886.XSHG","publishDate":"2016-10-24","endDate":"2016-03-31","endDateRep":"2016-03-31","partyID":1392,"ticker":"600886","secShortName":"国投电力","exchangeCD":"XSHG","actPubtime":"2016-10-23 18:00:00","mergedFlag":"1","reportType":"Q1","fiscalPeriod":"3","accoutingStandards":"CHAS_2007","currencyCD":"CNY","tRevenue":6900062500,"revenue":6900062500,"TCogs":4785515500,"COGS":3172250500,"bizTaxSurchg":108006400,"sellExp":738000,"adminExp":206145200,"finanExp":1298375800,"assetsImpairLoss":-300,"investIncome":185670400,"AJInvestIncome":185670400,"operateProfit":2300217500,"NoperateIncome":318680800,"NoperateExp":3813900,"NCADisploss":1165200,"TProfit":2615084400,"incomeTax":306527800,"NIncome":2308556500,"NIncomeAttrP":1241174700,"minorityGain":1067381900,"basicEPS":0.1829,"dilutedEPS":0.1829,"TComprIncome":2308556500,"comprIncAttrP":1241174700,"comprIncAttrMS":1067381900},{"secID":"600886.XSHG","publishDate":"2016-04-30","endDate":"2016-03-31","endDateRep":"2016-03-31","partyID":1392,"ticker":"600886","secShortName":"国投电力","exchangeCD":"XSHG","actPubtime":"2016-04-29 21:57:41","mergedFlag":"1","reportType":"Q1","fiscalPeriod":"3","accoutingStandards":"CHAS_2007","currencyCD":"CNY","tRevenue":6900062535.58,"revenue":6900062535.58,"TCogs":4785515497.16,"COGS":3172250522.69,"bizTaxSurchg":108006382.68,"sellExp":737978.25,"adminExp":206145180.44,"finanExp":1298375752.02,"assetsImpairLoss":-318.92,"investIncome":185670423.15,"AJInvestIncome":185670423.15,"operateProfit":2300217461.57,"NoperateIncome":318680803.69,"NoperateExp":3813886.88,"NCADisploss":1165242.29,"TProfit":2615084378.38,"incomeTax":306527849.67,"NIncome":2308556528.71,"NIncomeAttrP":1241174650.3,"minorityGain":1067381878.41,"basicEPS":0.18,"dilutedEPS":0.18,"TComprIncome":2308556528.71,"comprIncAttrP":1241174650.3,"comprIncAttrMS":1067381878.41},{"secID":"600886.XSHG","publishDate":"2016-11-15","endDate":"2015-12-31","endDateRep":"2016-06-30","partyID":1392,"ticker":"600886","secShortName":"国投电力","exchangeCD":"XSHG","actPubtime":"2016-11-14 18:00:00","mergedFlag":"1","reportType":"A","fiscalPeriod":"12","accoutingStandards":"CHAS_2007","currencyCD":"CNY","tRevenue":31279699800,"revenue":31279699800,"TCogs":22294638400,"COGS":14949958800,"bizTaxSurchg":477811100,"sellExp":6555800,"adminExp":867126300,"finanExp":5890142600,"assetsImpairLoss":103043900,"investIncome":579339500,"AJInvestIncome":551027200,"operateProfit":9564400900,"NoperateIncome":1666535100,"NoperateExp":250298500,"TProfit":10980637500,"incomeTax":878054600,"NIncome":10102582800,"NIncomeAttrP":5427522200,"minorityGain":4675060600,"basicEPS":0.7998,"dilutedEPS":0.7998,"othComprIncome":185000,"TComprIncome":10102767800,"comprIncAttrP":5427618400,"comprIncAttrMS":4675149400},{"secID":"600886.XSHG","publishDate":"2016-10-24","endDate":"2015-12-31","endDateRep":"2016-03-31","partyID":1392,"ticker":"600886","secShortName":"国投电力","exchangeCD":"XSHG","actPubtime":"2016-10-23 18:00:00","mergedFlag":"1","reportType":"A","fiscalPeriod":"12","accoutingStandards":"CHAS_2007","currencyCD":"CNY","tRevenue":31279699800,"revenue":31279699800,"TCogs":22294638400,"COGS":14949958800,"bizTaxSurchg":477811100,"sellExp":6555800,"adminExp":867126300,"finanExp":5890142600,"assetsImpairLoss":103043900,"investIncome":579339500,"AJInvestIncome":551027200,"operateProfit":9564400900,"NoperateIncome":1666535100,"NoperateExp":250298500,"NCADisploss":32404000,"TProfit":10980637500,"incomeTax":878054600,"NIncome":10102582800,"NIncomeAttrP":5427522200,"minorityGain":4675060600,"basicEPS":0.7998,"dilutedEPS":0.7998,"othComprIncome":185000,"TComprIncome":10102767800,"comprIncAttrP":5427618400,"comprIncAttrMS":4675149400},{"secID":"600886.XSHG","publishDate":"2016-04-08","endDate":"2015-12-31","endDateRep":"2015-12-31","partyID":1392,"ticker":"600886","secShortName":"国投电力","exchangeCD":"XSHG","actPubtime":"2016-04-07 18:24:02","mergedFlag":"1","reportType":"A","fiscalPeriod":"12","accoutingStandards":"CHAS_2007","currencyCD":"CNY","tRevenue":31279699772.91,"revenue":31279699772.91,"TCogs":22294638393.81,"COGS":14949958764.77,"bizTaxSurchg":477811121.39,"sellExp":6555754.27,"adminExp":867126250.91,"finanExp":5890142561.15,"assetsImpairLoss":103043941.32,"investIncome":579339517.47,"AJInvestIncome":551027246.51,"operateProfit":9564400896.57,"NoperateIncome":1666535101.02,"NoperateExp":250298527.09,"NCADisploss":32403960.32,"TProfit":10980637470.5,"incomeTax":878054648.93,"NIncome":10102582821.57,"NIncomeAttrP":5427522203.84,"minorityGain":4675060617.73,"basicEPS":0.8,"dilutedEPS":0.8,"othComprIncome":184977.85,"TComprIncome":10102767799.42,"comprIncAttrP":5427618392.32,"comprIncAttrMS":4675149407.1}]}