{"retCode":1,"retMsg":"Partial Data Returned: the requested data is out of trial data range","data":[{"secID":"600877.XSHG","publishDate":"2016-10-29","endDate":"2016-09-30","endDateRep":"2016-09-30","partyID":1383,"ticker":"600877","secShortName":"中国嘉陵","exchangeCD":"XSHG","actPubtime":"2016-10-28 22:55:58","mergedFlag":"1","reportType":"Q3","fiscalPeriod":"3","accoutingStandards":"CHAS_2007","currencyCD":"CNY","tRevenue":163518661.43,"revenue":163518661.43,"TCogs":215740778.92,"COGS":160907205.07,"bizTaxSurchg":2414570.49,"sellExp":9856514.72,"adminExp":39728261.72,"finanExp":3356151.64,"assetsImpairLoss":-521924.72,"investIncome":7947747.95,"AJInvestIncome":7947747.95,"operateProfit":-44274369.54,"NoperateIncome":830143.65,"NoperateExp":-99496.49,"TProfit":-43344729.4,"incomeTax":-61.1,"NIncome":-43344668.3,"NIncomeAttrP":-41193419.01,"minorityGain":-2151249.29,"basicEPS":-0.0599,"dilutedEPS":-0.0599,"othComprIncome":-3540054.71,"TComprIncome":-46884723.01,"comprIncAttrP":-44728398.03,"comprIncAttrMS":-2156324.98},{"secID":"600877.XSHG","publishDate":"2016-10-29","endDate":"2016-09-30","endDateRep":"2016-09-30","partyID":1383,"ticker":"600877","secShortName":"中国嘉陵","exchangeCD":"XSHG","actPubtime":"2016-10-28 22:55:58","mergedFlag":"1","reportType":"CQ3","fiscalPeriod":"9","accoutingStandards":"CHAS_2007","currencyCD":"CNY","tRevenue":504208466.94,"revenue":504208466.94,"TCogs":656030605.04,"COGS":480683990.82,"bizTaxSurchg":7306342.05,"sellExp":33784103.3,"adminExp":124058886.77,"finanExp":5421885.34,"assetsImpairLoss":4775396.76,"investIncome":24331143.87,"AJInvestIncome":21893243.87,"operateProfit":-127490994.23,"NoperateIncome":5004142.25,"NoperateExp":5678169.35,"NCADisploss":510192.7,"TProfit":-128165021.33,"incomeTax":50756.04,"NIncome":-128215777.37,"NIncomeAttrP":-123246417.2,"minorityGain":-4969360.17,"basicEPS":-0.1793,"dilutedEPS":-0.1793,"othComprIncome":-14548823.34,"TComprIncome":-142764600.71,"comprIncAttrP":-137722134.82,"comprIncAttrMS":-5042465.89},{"secID":"600877.XSHG","publishDate":"2016-10-01","endDate":"2016-06-30","endDateRep":"2016-06-30","partyID":1383,"ticker":"600877","secShortName":"中国嘉陵","exchangeCD":"XSHG","actPubtime":"2016-09-30 18:39:44","mergedFlag":"1","reportType":"S1","fiscalPeriod":"6","accoutingStandards":"CHAS_2007","currencyCD":"CNY","tRevenue":340689805.51,"revenue":340689805.51,"TCogs":440289826.12,"COGS":319776785.75,"bizTaxSurchg":4891771.56,"sellExp":23927588.58,"adminExp":84330625.05,"finanExp":2065733.7,"assetsImpairLoss":5297321.48,"investIncome":16383395.92,"AJInvestIncome":13945495.92,"operateProfit":-83216624.69,"NoperateIncome":4173998.6,"NoperateExp":5777665.84,"NCADisploss":510192.7,"TProfit":-84820291.93,"incomeTax":50817.14,"NIncome":-84871109.07,"NIncomeAttrP":-82052998.19,"minorityGain":-2818110.88,"basicEPS":-0.1194,"dilutedEPS":-0.1194,"othComprIncome":-11008768.63,"TComprIncome":-95879877.7,"comprIncAttrP":-92993736.79,"comprIncAttrMS":-2886140.91},{"secID":"600877.XSHG","publishDate":"2016-08-25","endDate":"2016-06-30","endDateRep":"2016-06-30","partyID":1383,"ticker":"600877","secShortName":"中国嘉陵","exchangeCD":"XSHG","actPubtime":"2016-08-24 19:05:58","mergedFlag":"1","reportType":"S1","fiscalPeriod":"6","accoutingStandards":"CHAS_2007","currencyCD":"CNY","tRevenue":340689805.51,"revenue":340689805.51,"TCogs":478796208.12,"COGS":319776785.75,"bizTaxSurchg":4891771.56,"sellExp":23927588.58,"adminExp":122837007.05,"finanExp":2065733.7,"assetsImpairLoss":5297321.48,"investIncome":16383395.92,"AJInvestIncome":13945495.92,"operateProfit":-121723006.69,"NoperateIncome":4173998.6,"NoperateExp":5777665.84,"NCADisploss":510192.7,"TProfit":-123326673.93,"incomeTax":50817.14,"NIncome":-123377491.07,"NIncomeAttrP":-120559380.19,"minorityGain":-2818110.88,"basicEPS":-0.1754,"dilutedEPS":-0.1754,"othComprIncome":-11008768.63,"TComprIncome":-134386259.7,"comprIncAttrP":-131500118.79,"comprIncAttrMS":-2886140.91},{"secID":"600877.XSHG","publishDate":"2016-04-29","endDate":"2016-03-31","endDateRep":"2016-03-31","partyID":1383,"ticker":"600877","secShortName":"中国嘉陵","exchangeCD":"XSHG","actPubtime":"2016-04-28 22:29:37","mergedFlag":"1","reportType":"Q1","fiscalPeriod":"3","accoutingStandards":"CHAS_2007","currencyCD":"CNY","tRevenue":163726636.45,"revenue":163726636.45,"TCogs":255485604.55,"COGS":152923543.29,"bizTaxSurchg":2844710.56,"sellExp":10448850.54,"adminExp":79339630.24,"finanExp":7311170.8,"assetsImpairLoss":2617699.12,"investIncome":5875567.74,"AJInvestIncome":4900567.74,"operateProfit":-85883400.36,"NoperateIncome":905314.51,"NoperateExp":601627.3,"NCADisploss":599422.87,"TProfit":-85579713.15,"incomeTax":999.62,"NIncome":-85580712.77,"NIncomeAttrP":-85004312.23,"minorityGain":-576400.54,"basicEPS":-0.12,"dilutedEPS":-0.12,"othComprIncome":29149.42,"TComprIncome":-85551563.35,"comprIncAttrP":-84965216.87,"comprIncAttrMS":-586346.48},{"secID":"600877.XSHG","publishDate":"2016-04-29","endDate":"2016-03-31","endDateRep":"2016-03-31","partyID":1383,"ticker":"600877","secShortName":"中国嘉陵","exchangeCD":"XSHG","actPubtime":"2016-04-28 22:29:31","mergedFlag":"1","reportType":"Q1","fiscalPeriod":"3","accoutingStandards":"CHAS_2007","currencyCD":"CNY","tRevenue":163726636.45,"revenue":163726636.45,"TCogs":255485604.55,"COGS":152923543.29,"bizTaxSurchg":2844710.56,"sellExp":10448850.54,"adminExp":79339630.24,"finanExp":7311170.8,"assetsImpairLoss":2617699.12,"investIncome":5875567.74,"AJInvestIncome":4900567.74,"operateProfit":-85883400.36,"NoperateIncome":905314.51,"NoperateExp":601627.3,"NCADisploss":599422.87,"TProfit":-85579713.15,"incomeTax":999.62,"NIncome":-85580712.77,"NIncomeAttrP":-85004312.23,"minorityGain":-576400.54,"basicEPS":-0.12,"dilutedEPS":-0.12,"othComprIncome":29149.42,"TComprIncome":-85551563.35,"comprIncAttrP":-84965216.87,"comprIncAttrMS":-586346.48},{"secID":"600877.XSHG","publishDate":"2016-06-22","endDate":"2015-12-31","endDateRep":"2015-12-31","partyID":1383,"ticker":"600877","secShortName":"中国嘉陵","exchangeCD":"XSHG","actPubtime":"2016-06-21 18:48:13","mergedFlag":"1","reportType":"A","fiscalPeriod":"12","accoutingStandards":"CHAS_2007","currencyCD":"CNY","tRevenue":1062691918.4,"revenue":1062691918.4,"TCogs":1306632326.07,"COGS":941473771.62,"bizTaxSurchg":22975570.31,"sellExp":70489002.41,"adminExp":165572035.3,"finanExp":64933958.09,"assetsImpairLoss":41187988.34,"investIncome":49875449.37,"AJInvestIncome":34823248.41,"operateProfit":-194064958.3,"NoperateIncome":38318615.68,"NoperateExp":6152576.42,"NCADisploss":4714971.42,"TProfit":-161898919.04,"incomeTax":75140.29,"NIncome":-161974059.33,"NIncomeAttrP":-159886387.23,"minorityGain":-2087672.1,"basicEPS":-0.23,"dilutedEPS":-0.23,"othComprIncome":-10254407.56,"TComprIncome":-172228466.89,"comprIncAttrP":-170168061.55,"comprIncAttrMS":-2060405.34},{"secID":"600877.XSHG","publishDate":"2016-04-29","endDate":"2015-12-31","endDateRep":"2015-12-31","partyID":1383,"ticker":"600877","secShortName":"中国嘉陵","exchangeCD":"XSHG","actPubtime":"2016-04-28 22:29:42","mergedFlag":"1","reportType":"A","fiscalPeriod":"12","accoutingStandards":"CHAS_2007","currencyCD":"CNY","tRevenue":1062691918.4,"revenue":1062691918.4,"TCogs":1306632326.07,"COGS":941473771.62,"bizTaxSurchg":22975570.31,"sellExp":70489002.41,"adminExp":165572035.3,"finanExp":64933958.09,"assetsImpairLoss":41187988.34,"investIncome":49875449.37,"AJInvestIncome":34823248.41,"operateProfit":-194064958.3,"NoperateIncome":38318615.68,"NoperateExp":6152576.42,"NCADisploss":4714971.42,"TProfit":-161898919.04,"incomeTax":75140.29,"NIncome":-161974059.33,"NIncomeAttrP":-159886387.23,"minorityGain":-2087672.1,"basicEPS":-0.23,"dilutedEPS":-0.23,"othComprIncome":-10254407.56,"TComprIncome":-172228466.89,"comprIncAttrP":-170168061.55,"comprIncAttrMS":-2060405.34}]}