{"retCode":1,"retMsg":"Partial Data Returned: the requested data is out of trial data range","data":[{"secID":"600895.XSHG","publishDate":"2016-10-29","endDate":"2016-09-30","endDateRep":"2016-09-30","partyID":1401,"ticker":"600895","secShortName":"张江高科","exchangeCD":"XSHG","actPubtime":"2016-10-28 22:37:29","mergedFlag":"1","reportType":"Q3","fiscalPeriod":"3","accoutingStandards":"CHAS_2007","currencyCD":"CNY","tRevenue":326857471.73,"revenue":326857471.73,"TCogs":319657398.25,"COGS":222183878.4,"bizTaxSurchg":2270552.43,"sellExp":14789065.12,"adminExp":24814322.74,"finanExp":55691455.11,"assetsImpairLoss":-91875.55,"fValueChgGain":2166976.68,"investIncome":102436127.13,"AJInvestIncome":47337774.56,"operateProfit":111803177.29,"NoperateIncome":153857.97,"NoperateExp":5545.12,"NCADisploss":5545.12,"TProfit":111951490.14,"incomeTax":10206607.03,"NIncome":101744883.11,"NIncomeAttrP":97220711.74,"minorityGain":4524171.37,"basicEPS":0.06,"dilutedEPS":0.06,"othComprIncome":115405855.93,"TComprIncome":217150739.04,"comprIncAttrP":212626567.67,"comprIncAttrMS":4524171.37},{"secID":"600895.XSHG","publishDate":"2016-10-29","endDate":"2016-09-30","endDateRep":"2016-09-30","partyID":1401,"ticker":"600895","secShortName":"张江高科","exchangeCD":"XSHG","actPubtime":"2016-10-28 22:37:29","mergedFlag":"1","reportType":"CQ3","fiscalPeriod":"9","accoutingStandards":"CHAS_2007","currencyCD":"CNY","tRevenue":1505307045.64,"revenue":1505307045.64,"TCogs":1261292066.36,"COGS":832376514.71,"bizTaxSurchg":134679097.43,"sellExp":44937369.95,"adminExp":73437980.74,"finanExp":171896405.13,"assetsImpairLoss":3964698.4,"fValueChgGain":-4266537.67,"investIncome":253931587.29,"AJInvestIncome":113298070.62,"operateProfit":493680028.9,"NoperateIncome":3013325.33,"NoperateExp":32514.08,"NCADisploss":11648.33,"TProfit":496660840.15,"incomeTax":97046800.79,"NIncome":399614039.36,"NIncomeAttrP":387882616.49,"minorityGain":11731422.87,"basicEPS":0.25,"dilutedEPS":0.25,"othComprIncome":46782369.13,"TComprIncome":446396408.49,"comprIncAttrP":434664985.62,"comprIncAttrMS":11731422.87},{"secID":"600895.XSHG","publishDate":"2016-11-07","endDate":"2016-06-30","endDateRep":"2016-06-30","partyID":1401,"ticker":"600895","secShortName":"张江高科","exchangeCD":"XSHG","actPubtime":"2016-11-06 18:00:00","mergedFlag":"1","reportType":"S1","fiscalPeriod":"6","accoutingStandards":"CHAS_2007","currencyCD":"CNY","tRevenue":1178449573.91,"revenue":1178449573.91,"TCogs":941634668.11,"COGS":610192636.31,"bizTaxSurchg":132408545,"sellExp":30148304.83,"adminExp":48623658,"finanExp":116204950.02,"assetsImpairLoss":4056573.95,"fValueChgGain":-6433514.35,"investIncome":151495460.16,"AJInvestIncome":65960296.06,"operateProfit":381876851.61,"NoperateIncome":2859467.36,"NoperateExp":26968.96,"NCADisploss":6103.21,"TProfit":384709350.01,"incomeTax":86840193.76,"NIncome":297869156.25,"NIncomeAttrP":290661904.75,"minorityGain":7207251.5,"basicEPS":0.19,"dilutedEPS":0.19,"othComprIncome":-68623486.8,"TComprIncome":229245669.45,"comprIncAttrP":222038417.95,"comprIncAttrMS":7207251.5},{"secID":"600895.XSHG","publishDate":"2016-10-18","endDate":"2016-06-30","endDateRep":"2016-06-30","partyID":1401,"ticker":"600895","secShortName":"张江高科","exchangeCD":"XSHG","actPubtime":"2016-10-17 18:00:00","mergedFlag":"1","reportType":"S1","fiscalPeriod":"6","accoutingStandards":"CHAS_2007","currencyCD":"CNY","tRevenue":1178449573.91,"revenue":1178449573.91,"TCogs":941634668.11,"COGS":610192636.31,"bizTaxSurchg":132408545,"sellExp":30148304.83,"adminExp":48623658,"finanExp":116204950.02,"assetsImpairLoss":4056573.95,"fValueChgGain":-6433514.35,"investIncome":151495460.16,"AJInvestIncome":65960296.06,"operateProfit":381876851.61,"NoperateIncome":2859467.36,"NoperateExp":26968.96,"NCADisploss":6103.21,"TProfit":384709350.01,"incomeTax":86840193.76,"NIncome":297869156.25,"NIncomeAttrP":290661904.75,"minorityGain":7207251.5,"basicEPS":0.19,"dilutedEPS":0.19,"othComprIncome":-68623486.8,"TComprIncome":229245669.45,"comprIncAttrP":222038417.95,"comprIncAttrMS":7207251.5},{"secID":"600895.XSHG","publishDate":"2016-08-27","endDate":"2016-06-30","endDateRep":"2016-06-30","partyID":1401,"ticker":"600895","secShortName":"张江高科","exchangeCD":"XSHG","actPubtime":"2016-08-26 19:37:54","mergedFlag":"1","reportType":"S1","fiscalPeriod":"6","accoutingStandards":"CHAS_2007","currencyCD":"CNY","tRevenue":1178449573.91,"revenue":1178449573.91,"TCogs":941634668.11,"COGS":610192636.31,"bizTaxSurchg":132408545,"sellExp":30148304.83,"adminExp":48623658,"finanExp":116204950.02,"assetsImpairLoss":4056573.95,"fValueChgGain":-6433514.35,"investIncome":151495460.16,"AJInvestIncome":65960296.06,"operateProfit":381876851.61,"NoperateIncome":2859467.36,"NoperateExp":26968.96,"NCADisploss":6103.21,"TProfit":384709350.01,"incomeTax":86840193.76,"NIncome":297869156.25,"NIncomeAttrP":290661904.75,"minorityGain":7207251.5,"basicEPS":0.19,"dilutedEPS":0.19,"othComprIncome":-68623486.8,"TComprIncome":229245669.45,"comprIncAttrP":222038417.95,"comprIncAttrMS":7207251.5},{"secID":"600895.XSHG","publishDate":"2016-04-30","endDate":"2016-03-31","endDateRep":"2016-03-31","partyID":1401,"ticker":"600895","secShortName":"张江高科","exchangeCD":"XSHG","actPubtime":"2016-04-29 20:35:16","mergedFlag":"1","reportType":"Q1","fiscalPeriod":"3","accoutingStandards":"CHAS_2007","currencyCD":"CNY","tRevenue":896797186.7,"revenue":896797186.7,"TCogs":648970026.5,"COGS":423228166.05,"bizTaxSurchg":123719910.92,"sellExp":12783712.15,"adminExp":22257070.07,"finanExp":66156368.51,"assetsImpairLoss":824798.8,"fValueChgGain":-13384763.03,"investIncome":66480398.61,"AJInvestIncome":19866482.91,"operateProfit":300922795.78,"NoperateIncome":347864.48,"NoperateExp":24015.08,"NCADisploss":6104.33,"TProfit":301246645.18,"incomeTax":65999499.19,"NIncome":235247145.99,"NIncomeAttrP":230053797.5,"minorityGain":5193348.49,"basicEPS":0.15,"dilutedEPS":0.15,"othComprIncome":-116165483.01,"TComprIncome":119081662.98,"comprIncAttrP":113888314.49,"comprIncAttrMS":5193348.49},{"secID":"600895.XSHG","publishDate":"2016-11-07","endDate":"2015-12-31","endDateRep":"2016-06-30","partyID":1401,"ticker":"600895","secShortName":"张江高科","exchangeCD":"XSHG","actPubtime":"2016-11-06 18:00:00","mergedFlag":"1","reportType":"A","fiscalPeriod":"12","accoutingStandards":"CHAS_2007","currencyCD":"CNY","tRevenue":2419169795.29,"revenue":2419169795.29,"TCogs":2502357469.78,"COGS":1657974978.67,"bizTaxSurchg":385171676.6,"sellExp":62413425.74,"adminExp":107072032.41,"finanExp":393528910.23,"assetsImpairLoss":-103803553.87,"fValueChgGain":10158426.63,"investIncome":672064486.73,"AJInvestIncome":239801588.16,"operateProfit":599035238.87,"NoperateIncome":5535817.99,"NoperateExp":37226730.12,"NCADisploss":75.33,"TProfit":567344326.74,"incomeTax":77498653.08,"NIncome":489845673.66,"NIncomeAttrP":481608305.84,"minorityGain":8237367.82,"basicEPS":0.31,"dilutedEPS":0.31,"othComprIncome":95979189.98,"TComprIncome":585824863.64,"comprIncAttrP":577587495.82,"comprIncAttrMS":8237367.82},{"secID":"600895.XSHG","publishDate":"2016-10-18","endDate":"2015-12-31","endDateRep":"2016-06-30","partyID":1401,"ticker":"600895","secShortName":"张江高科","exchangeCD":"XSHG","actPubtime":"2016-10-17 18:00:00","mergedFlag":"1","reportType":"A","fiscalPeriod":"12","accoutingStandards":"CHAS_2007","currencyCD":"CNY","tRevenue":2419169795.29,"revenue":2419169795.29,"TCogs":2502357469.78,"COGS":1657974978.67,"bizTaxSurchg":385171676.6,"sellExp":62413425.74,"adminExp":107072032.41,"finanExp":393528910.23,"assetsImpairLoss":-103803553.87,"fValueChgGain":10158426.63,"investIncome":672064486.73,"AJInvestIncome":239801588.16,"operateProfit":599035238.87,"NoperateIncome":5535817.99,"NoperateExp":37226730.12,"NCADisploss":75.33,"TProfit":567344326.74,"incomeTax":77498653.08,"NIncome":489845673.66,"NIncomeAttrP":481608305.84,"minorityGain":8237367.82,"basicEPS":0.31,"dilutedEPS":0.31,"othComprIncome":95979189.98,"TComprIncome":585824863.64,"comprIncAttrP":577587495.82,"comprIncAttrMS":8237367.82},{"secID":"600895.XSHG","publishDate":"2016-04-09","endDate":"2015-12-31","endDateRep":"2015-12-31","partyID":1401,"ticker":"600895","secShortName":"张江高科","exchangeCD":"XSHG","actPubtime":"2016-04-08 19:49:12","mergedFlag":"1","reportType":"A","fiscalPeriod":"12","accoutingStandards":"CHAS_2007","currencyCD":"CNY","tRevenue":2419169795.29,"revenue":2419169795.29,"TCogs":2502357469.78,"COGS":1657974978.67,"bizTaxSurchg":385171676.6,"sellExp":62413425.74,"adminExp":107072032.41,"finanExp":393528910.23,"assetsImpairLoss":-103803553.87,"fValueChgGain":10158426.63,"investIncome":672064486.73,"AJInvestIncome":239801588.16,"operateProfit":599035238.87,"NoperateIncome":5535817.99,"NoperateExp":37226730.12,"NCADisploss":75.33,"TProfit":567344326.74,"incomeTax":77498653.08,"NIncome":489845673.66,"NIncomeAttrP":481608305.84,"minorityGain":8237367.82,"basicEPS":0.31,"dilutedEPS":0.31,"othComprIncome":95979189.98,"TComprIncome":585824863.64,"comprIncAttrP":577587495.82,"comprIncAttrMS":8237367.82}]}