{"retCode":1,"retMsg":"Partial Data Returned: the requested data is out of trial data range","data":[{"secID":"600919.XSHG","publishDate":"2016-11-02","endDate":"2016-09-30","endDateRep":"2016-09-30","partyID":23490,"ticker":"600919","secShortName":"江苏银行","exchangeCD":"XSHG","actPubtime":"2016-11-01 18:54:13","mergedFlag":"1","reportType":"Q3","fiscalPeriod":"3","accoutingStandards":"CHAS_2007","currencyCD":"CNY","tRevenue":7618332000,"revenue":7618332000,"intIncome":6317148000,"commisIncome":1261488000,"TCogs":4210773000,"COGS":4210773000,"bizTaxSurchg":140548000,"assetsImpairLoss":1987321000,"fValueChgGain":16381000,"investIncome":29589000,"forexGain":-9384000,"operateProfit":3407559000,"NoperateIncome":42302000,"NoperateExp":6289000,"TProfit":3443572000,"incomeTax":762127000,"NIncome":2681445000,"NIncomeAttrP":2670139000,"minorityGain":11306000,"basicEPS":0.24,"dilutedEPS":0.24,"othComprIncome":106266000,"TComprIncome":2787711000,"comprIncAttrP":2776405000,"comprIncAttrMS":11306000},{"secID":"600919.XSHG","publishDate":"2016-11-02","endDate":"2016-09-30","endDateRep":"2016-09-30","partyID":23490,"ticker":"600919","secShortName":"江苏银行","exchangeCD":"XSHG","actPubtime":"2016-11-01 18:54:13","mergedFlag":"1","reportType":"CQ3","fiscalPeriod":"9","accoutingStandards":"CHAS_2007","currencyCD":"CNY","tRevenue":23786850000,"revenue":23786850000,"intIncome":18995342000,"commisIncome":4646624000,"TCogs":13319905000,"COGS":13319905000,"bizTaxSurchg":922994000,"assetsImpairLoss":6140398000,"fValueChgGain":-11093000,"investIncome":49690000,"forexGain":83033000,"operateProfit":10466945000,"NoperateIncome":88770000,"NoperateExp":66866000,"TProfit":10488849000,"incomeTax":2178721000,"NIncome":8310128000,"NIncomeAttrP":8279673000,"minorityGain":30455000,"basicEPS":0.78,"dilutedEPS":0.78,"othComprIncome":10756000,"TComprIncome":8320884000,"comprIncAttrP":8290429000,"comprIncAttrMS":30455000},{"secID":"600919.XSHG","publishDate":"2016-10-31","endDate":"2016-09-30","endDateRep":"2016-09-30","partyID":23490,"ticker":"600919","secShortName":"江苏银行","exchangeCD":"XSHG","actPubtime":"2016-10-30 15:20:52","mergedFlag":"1","reportType":"Q3","fiscalPeriod":"3","accoutingStandards":"CHAS_2007","currencyCD":"CNY","tRevenue":7618332000,"revenue":7618332000,"intIncome":6317148000,"commisIncome":1261488000,"TCogs":4210773000,"COGS":4210773000,"bizTaxSurchg":140548000,"assetsImpairLoss":1987321000,"fValueChgGain":16381000,"investIncome":29589000,"forexGain":-9384000,"operateProfit":3407559000,"NoperateIncome":42302000,"NoperateExp":6289000,"TProfit":3443572000,"incomeTax":762127000,"NIncome":2681445000,"NIncomeAttrP":2670139000,"minorityGain":11306000,"basicEPS":0.24,"dilutedEPS":0.24,"othComprIncome":106266000,"TComprIncome":2787711000,"comprIncAttrP":2776405000,"comprIncAttrMS":11306000},{"secID":"600919.XSHG","publishDate":"2016-10-31","endDate":"2016-09-30","endDateRep":"2016-09-30","partyID":23490,"ticker":"600919","secShortName":"江苏银行","exchangeCD":"XSHG","actPubtime":"2016-10-30 15:20:52","mergedFlag":"1","reportType":"CQ3","fiscalPeriod":"9","accoutingStandards":"CHAS_2007","currencyCD":"CNY","tRevenue":23786850000,"revenue":23786850000,"intIncome":18995342000,"commisIncome":4646624000,"TCogs":13319905000,"COGS":13319905000,"bizTaxSurchg":922994000,"assetsImpairLoss":6140398000,"fValueChgGain":-11093000,"investIncome":49690000,"forexGain":83033000,"operateProfit":10466945000,"NoperateIncome":88770000,"NoperateExp":66866000,"TProfit":10488849000,"incomeTax":2178721000,"NIncome":8310128000,"NIncomeAttrP":8279673000,"minorityGain":30455000,"basicEPS":0.78,"dilutedEPS":0.78,"othComprIncome":10756000,"TComprIncome":8320884000,"comprIncAttrP":8290429000,"comprIncAttrMS":30455000},{"secID":"600919.XSHG","publishDate":"2016-08-01","endDate":"2016-06-30","endDateRep":"2016-06-30","partyID":23490,"ticker":"600919","secShortName":"江苏银行","exchangeCD":"XSHG","actPubtime":"2016-07-31 14:13:10","mergedFlag":"1","reportType":"S1","fiscalPeriod":"6","accoutingStandards":"CHAS_2007","currencyCD":"CNY","tRevenue":16168518000,"revenue":16168518000,"intIncome":12678194000,"commisIncome":3385136000,"TCogs":9109132000,"COGS":9109132000,"bizTaxSurchg":782446000,"assetsImpairLoss":4153077000,"fValueChgGain":-27474000,"investIncome":20101000,"forexGain":92417000,"operateProfit":7059386000,"NoperateIncome":46468000,"NoperateExp":60577000,"TProfit":7045277000,"incomeTax":1416594000,"NIncome":5628683000,"NIncomeAttrP":5609534000,"minorityGain":19149000,"basicEPS":0.54,"dilutedEPS":0.54,"othComprIncome":-95510000,"TComprIncome":5533173000,"comprIncAttrP":5514024000,"comprIncAttrMS":19149000},{"secID":"600919.XSHG","publishDate":"2016-06-28","endDate":"2015-12-31","endDateRep":"2015-12-31","partyID":23490,"ticker":"600919","secShortName":"江苏银行","exchangeCD":"XSHG","actPubtime":"2016-06-27 23:40:13","mergedFlag":"1","reportType":"A","fiscalPeriod":"12","accoutingStandards":"CHAS_2007","currencyCD":"CNY","tRevenue":28047070000,"revenue":28047070000,"intIncome":23971402000,"commisIncome":3899399000,"TCogs":16002178000,"COGS":16002178000,"bizTaxSurchg":1990939000,"assetsImpairLoss":5772658000,"fValueChgGain":-5690000,"investIncome":195544000,"forexGain":-71554000,"operateProfit":12044892000,"NoperateIncome":85666000,"NoperateExp":48490000,"TProfit":12082068000,"incomeTax":2577260000,"NIncome":9504808000,"NIncomeAttrP":9497433000,"minorityGain":7375000,"basicEPS":0.91,"dilutedEPS":0.91,"othComprIncome":554365000,"TComprIncome":10059173000,"comprIncAttrP":10051798000,"comprIncAttrMS":7375000},{"secID":"600919.XSHG","publishDate":"2016-06-20","endDate":"2015-12-31","endDateRep":"2015-12-31","partyID":23490,"ticker":"600919","secShortName":"江苏银行","exchangeCD":"XSHG","actPubtime":"2016-06-20 01:00:24","mergedFlag":"1","reportType":"A","fiscalPeriod":"12","accoutingStandards":"CHAS_2007","currencyCD":"CNY","tRevenue":28047070000,"revenue":28047070000,"intIncome":23971402000,"commisIncome":3899399000,"TCogs":16002178000,"COGS":16002178000,"bizTaxSurchg":1990939000,"assetsImpairLoss":5772658000,"fValueChgGain":-5690000,"investIncome":195544000,"forexGain":-71554000,"operateProfit":12044892000,"NoperateIncome":85666000,"NoperateExp":48490000,"TProfit":12082068000,"incomeTax":2577260000,"NIncome":9504808000,"NIncomeAttrP":9497433000,"minorityGain":7375000,"basicEPS":0.91,"dilutedEPS":0.91,"othComprIncome":554365000,"TComprIncome":10059173000,"comprIncAttrP":10051798000,"comprIncAttrMS":7375000},{"secID":"600919.XSHG","publishDate":"2016-04-29","endDate":"2015-12-31","endDateRep":"2015-12-31","partyID":23490,"ticker":"600919","secShortName":"江苏银行","exchangeCD":"XSHG","actPubtime":"2016-04-28 18:00:00","mergedFlag":"1","reportType":"A","fiscalPeriod":"12","accoutingStandards":"CHAS_2007","currencyCD":"CNY","tRevenue":28047070000,"revenue":28047070000,"intIncome":23971402000,"commisIncome":3899399000,"TCogs":16002178000,"COGS":16002178000,"bizTaxSurchg":1990939000,"assetsImpairLoss":5772658000,"fValueChgGain":-5690000,"investIncome":195544000,"forexGain":-71554000,"operateProfit":12044892000,"NoperateIncome":85666000,"NoperateExp":48490000,"TProfit":12082068000,"incomeTax":2577260000,"NIncome":9504808000,"NIncomeAttrP":9497433000,"minorityGain":7375000,"basicEPS":0.91,"dilutedEPS":0.91,"othComprIncome":554365000,"TComprIncome":10059173000,"comprIncAttrP":10051798000,"comprIncAttrMS":7375000}]}