{"retCode":1,"retMsg":"Partial Data Returned: the requested data is out of trial data range","data":[{"secID":"601229.XSHG","publishDate":"2016-11-15","endDate":"2016-09-30","endDateRep":"2016-09-30","partyID":27781,"ticker":"601229","secShortName":"上海银行","exchangeCD":"XSHG","actPubtime":"2016-11-14 22:04:46","mergedFlag":"1","reportType":"CQ3","fiscalPeriod":"9","accoutingStandards":"CHAS_2007","currencyCD":"CNY","tRevenue":26419222000,"revenue":26419222000,"intIncome":20047764000,"commisIncome":4506929000,"TCogs":14009898000,"COGS":14009898000,"bizTaxSurchg":691265000,"assetsImpairLoss":7732015000,"fValueChgGain":775140000,"investIncome":1340928000,"forexGain":-324604000,"operateProfit":12409324000,"NoperateIncome":146576000,"NoperateExp":24724000,"TProfit":12531176000,"incomeTax":1589173000,"NIncome":10942003000,"NIncomeAttrP":10911430000,"minorityGain":30573000,"basicEPS":2.02,"dilutedEPS":2.02,"othComprIncome":47198000,"TComprIncome":10989201000,"comprIncAttrP":10962241000,"comprIncAttrMS":26960000},{"secID":"601229.XSHG","publishDate":"2016-08-30","endDate":"2016-06-30","endDateRep":"2016-06-30","partyID":27781,"ticker":"601229","secShortName":"上海银行","exchangeCD":"XSHG","actPubtime":"2016-08-29 18:00:00","mergedFlag":"1","reportType":"S1","fiscalPeriod":"6","accoutingStandards":"CHAS_2007","currencyCD":"CNY","tRevenue":17968273000,"revenue":17968273000,"intIncome":13879917000,"commisIncome":3336255000,"TCogs":9190288000,"COGS":9190288000,"bizTaxSurchg":636054000,"assetsImpairLoss":4906232000,"fValueChgGain":970735000,"investIncome":451398000,"forexGain":-714095000,"operateProfit":8777985000,"NoperateIncome":94302000,"NoperateExp":20072000,"TProfit":8852215000,"incomeTax":1517379000,"NIncome":7334836000,"NIncomeAttrP":7315177000,"minorityGain":19659000,"TComprIncome":7334836000,"comprIncAttrP":7334836000},{"secID":"601229.XSHG","publishDate":"2016-10-11","endDate":"2016-03-31","endDateRep":"2016-03-31","partyID":27781,"ticker":"601229","secShortName":"上海银行","exchangeCD":"XSHG","actPubtime":"2016-10-10 23:53:45","mergedFlag":"1","reportType":"Q1","fiscalPeriod":"3","accoutingStandards":"CHAS_2007","currencyCD":"CNY","tRevenue":9288377000,"revenue":9288377000,"intIncome":7206614000,"commisIncome":1797118000,"TCogs":4914307000,"COGS":4914307000,"bizTaxSurchg":431445000,"assetsImpairLoss":2797855000,"fValueChgGain":-8990000,"investIncome":-125105000,"forexGain":394313000,"operateProfit":4374070000,"NoperateIncome":54032000,"NoperateExp":4736000,"TProfit":4423366000,"incomeTax":780726000,"NIncome":3642640000,"NIncomeAttrP":3636268000,"minorityGain":6372000,"basicEPS":0.67,"dilutedEPS":0.67,"othComprIncome":11285000,"TComprIncome":3653925000,"comprIncAttrP":3656486000,"comprIncAttrMS":-2561000},{"secID":"601229.XSHG","publishDate":"2016-09-26","endDate":"2016-03-31","endDateRep":"2016-03-31","partyID":27781,"ticker":"601229","secShortName":"上海银行","exchangeCD":"XSHG","actPubtime":"2016-09-25 23:02:58","mergedFlag":"1","reportType":"Q1","fiscalPeriod":"3","accoutingStandards":"CHAS_2007","currencyCD":"CNY","tRevenue":9288377000,"revenue":9288377000,"intIncome":7206614000,"commisIncome":1797118000,"TCogs":4914307000,"COGS":4914307000,"bizTaxSurchg":431445000,"assetsImpairLoss":2797855000,"fValueChgGain":-8990000,"investIncome":-125105000,"forexGain":394313000,"operateProfit":4374070000,"NoperateIncome":54032000,"NoperateExp":4736000,"TProfit":4423366000,"incomeTax":780726000,"NIncome":3642640000,"NIncomeAttrP":3636268000,"minorityGain":6372000,"othComprIncome":11285000,"TComprIncome":3653925000,"comprIncAttrP":3656486000,"comprIncAttrMS":-2561000},{"secID":"601229.XSHG","publishDate":"2016-04-29","endDate":"2016-03-31","endDateRep":"2016-03-31","partyID":27781,"ticker":"601229","secShortName":"上海银行","exchangeCD":"XSHG","actPubtime":"2016-04-28 18:00:00","mergedFlag":"1","reportType":"Q1","fiscalPeriod":"3","accoutingStandards":"CHAS_2007","currencyCD":"CNY","tRevenue":9432958000,"revenue":9432958000,"intIncome":7137737000,"commisIncome":1756981000,"TCogs":4914528000,"COGS":4914528000,"bizTaxSurchg":431446000,"assetsImpairLoss":2797856000,"fValueChgGain":68607000,"investIncome":50895000,"forexGain":394313000,"operateProfit":4518430000,"NoperateIncome":54033000,"NoperateExp":4736000,"TProfit":4567727000,"incomeTax":816815000,"NIncome":3750912000,"NIncomeAttrP":3744542000,"minorityGain":6370000,"TComprIncome":3750912000,"comprIncAttrP":3750912000},{"secID":"601229.XSHG","publishDate":"2016-10-11","endDate":"2015-12-31","endDateRep":"2016-03-31","partyID":27781,"ticker":"601229","secShortName":"上海银行","exchangeCD":"XSHG","actPubtime":"2016-10-10 23:53:45","mergedFlag":"1","reportType":"A","fiscalPeriod":"12","accoutingStandards":"CHAS_2007","currencyCD":"CNY","tRevenue":33159130000,"revenue":33159130000,"intIncome":26681925000,"commisIncome":5508428000,"TCogs":17240915000,"COGS":17240915000,"bizTaxSurchg":1766428000,"assetsImpairLoss":7834437000,"fValueChgGain":-352429000,"investIncome":1439521000,"forexGain":-200680000,"operateProfit":15918215000,"NoperateIncome":188317000,"NoperateExp":55005000,"TProfit":16051527000,"incomeTax":3008385000,"NIncome":13043142000,"NIncomeAttrP":13002367000,"minorityGain":40775000,"basicEPS":2.47,"dilutedEPS":2.47,"othComprIncome":1157264000,"TComprIncome":14200406000,"comprIncAttrP":14145129000,"comprIncAttrMS":55277000},{"secID":"601229.XSHG","publishDate":"2016-09-26","endDate":"2015-12-31","endDateRep":"2016-03-31","partyID":27781,"ticker":"601229","secShortName":"上海银行","exchangeCD":"XSHG","actPubtime":"2016-09-25 23:02:58","mergedFlag":"1","reportType":"A","fiscalPeriod":"12","accoutingStandards":"CHAS_2007","currencyCD":"CNY","tRevenue":33159130000,"revenue":33159130000,"intIncome":26681925000,"commisIncome":5508428000,"TCogs":17240915000,"COGS":17240915000,"bizTaxSurchg":1766428000,"assetsImpairLoss":7834437000,"fValueChgGain":-352429000,"investIncome":1439521000,"forexGain":-200680000,"operateProfit":15918215000,"NoperateIncome":188317000,"NoperateExp":55005000,"TProfit":16051527000,"incomeTax":3008385000,"NIncome":13043142000,"NIncomeAttrP":13002367000,"minorityGain":40775000,"othComprIncome":1157264000,"TComprIncome":14200406000,"comprIncAttrP":14145129000,"comprIncAttrMS":55277000},{"secID":"601229.XSHG","publishDate":"2016-04-29","endDate":"2015-12-31","endDateRep":"2015-12-31","partyID":27781,"ticker":"601229","secShortName":"上海银行","exchangeCD":"XSHG","actPubtime":"2016-04-28 18:00:00","mergedFlag":"1","reportType":"A","fiscalPeriod":"12","accoutingStandards":"CHAS_2007","currencyCD":"CNY","tRevenue":33159130000,"revenue":33159130000,"intIncome":26681925000,"commisIncome":5508428000,"TCogs":17240915000,"COGS":17240915000,"bizTaxSurchg":1766428000,"assetsImpairLoss":7834437000,"fValueChgGain":-352429000,"investIncome":1439521000,"forexGain":-200680000,"operateProfit":15918215000,"NoperateIncome":188317000,"NoperateExp":55005000,"TProfit":16051527000,"incomeTax":3008385000,"NIncome":13043142000,"NIncomeAttrP":13002367000,"minorityGain":40775000,"othComprIncome":1157264000,"TComprIncome":14200406000,"comprIncAttrP":14145129000,"comprIncAttrMS":55277000}]}