{"retCode":1,"retMsg":"Partial Data Returned: the requested data is out of trial data range","data":[{"secID":"601368.XSHG","publishDate":"2016-10-28","endDate":"2016-09-30","endDateRep":"2016-09-30","partyID":63637,"ticker":"601368","secShortName":"绿城水务","exchangeCD":"XSHG","actPubtime":"2016-10-27 22:13:20","mergedFlag":"1","reportType":"Q3","fiscalPeriod":"3","accoutingStandards":"CHAS_2007","currencyCD":"CNY","tRevenue":315024496,"revenue":315024496,"TCogs":223258333,"COGS":154952537,"bizTaxSurchg":2879203,"sellExp":6853859,"adminExp":18416276,"finanExp":39536835,"assetsImpairLoss":619623,"operateProfit":91766163,"NoperateIncome":17483970,"NoperateExp":109313,"NCADisploss":88190,"TProfit":109140820,"incomeTax":16263163,"NIncome":92877657,"NIncomeAttrP":92877657,"basicEPS":0.1262,"TComprIncome":92877657,"comprIncAttrP":92877657},{"secID":"601368.XSHG","publishDate":"2016-10-28","endDate":"2016-09-30","endDateRep":"2016-09-30","partyID":63637,"ticker":"601368","secShortName":"绿城水务","exchangeCD":"XSHG","actPubtime":"2016-10-27 22:13:20","mergedFlag":"1","reportType":"CQ3","fiscalPeriod":"9","accoutingStandards":"CHAS_2007","currencyCD":"CNY","tRevenue":876815394,"revenue":876815394,"TCogs":692630754,"COGS":450442286,"bizTaxSurchg":9616507,"sellExp":20617136,"adminExp":54686038,"finanExp":152245726,"assetsImpairLoss":5023061,"operateProfit":184184640,"NoperateIncome":57313389,"NoperateExp":304259,"NCADisploss":88190,"TProfit":241193770,"incomeTax":37119752,"NIncome":204074018,"NIncomeAttrP":204074018,"basicEPS":0.2773,"TComprIncome":204074018,"comprIncAttrP":204074018},{"secID":"601368.XSHG","publishDate":"2016-10-28","endDate":"2016-09-30","endDateRep":"2016-09-30","partyID":63637,"ticker":"601368","secShortName":"绿城水务","exchangeCD":"XSHG","actPubtime":"2016-10-27 22:13:16","mergedFlag":"1","reportType":"Q3","fiscalPeriod":"3","accoutingStandards":"CHAS_2007","currencyCD":"CNY","tRevenue":315024496,"revenue":315024496,"TCogs":223258333,"COGS":154952537,"bizTaxSurchg":2879203,"sellExp":6853859,"adminExp":18416276,"finanExp":39536835,"assetsImpairLoss":619623,"operateProfit":91766163,"NoperateIncome":17483970,"NoperateExp":109313,"NCADisploss":88190,"TProfit":109140820,"incomeTax":16263163,"NIncome":92877657,"NIncomeAttrP":92877657,"basicEPS":0.1262,"TComprIncome":92877657,"comprIncAttrP":92877657},{"secID":"601368.XSHG","publishDate":"2016-10-28","endDate":"2016-09-30","endDateRep":"2016-09-30","partyID":63637,"ticker":"601368","secShortName":"绿城水务","exchangeCD":"XSHG","actPubtime":"2016-10-27 22:13:16","mergedFlag":"1","reportType":"CQ3","fiscalPeriod":"9","accoutingStandards":"CHAS_2007","currencyCD":"CNY","tRevenue":876815394,"revenue":876815394,"TCogs":692630754,"COGS":450442286,"bizTaxSurchg":9616507,"sellExp":20617136,"adminExp":54686038,"finanExp":152245726,"assetsImpairLoss":5023061,"operateProfit":184184640,"NoperateIncome":57313389,"NoperateExp":304259,"NCADisploss":88190,"TProfit":241193770,"incomeTax":37119752,"NIncome":204074018,"NIncomeAttrP":204074018,"basicEPS":0.2773,"TComprIncome":204074018,"comprIncAttrP":204074018},{"secID":"601368.XSHG","publishDate":"2016-09-29","endDate":"2016-06-30","endDateRep":"2016-06-30","partyID":63637,"ticker":"601368","secShortName":"绿城水务","exchangeCD":"XSHG","actPubtime":"2016-09-28 18:00:00","mergedFlag":"1","reportType":"S1","fiscalPeriod":"6","accoutingStandards":"CHAS_2007","currencyCD":"CNY","tRevenue":561790900,"revenue":561790900,"TCogs":469372400,"COGS":295489700,"bizTaxSurchg":6737300,"sellExp":13763300,"adminExp":36269800,"finanExp":112708900,"assetsImpairLoss":4403400,"operateProfit":92418500,"NoperateIncome":39829400,"NoperateExp":194900,"TProfit":132053000,"incomeTax":20856600,"NIncome":111196400,"NIncomeAttrP":111196400,"basicEPS":0.1511,"TComprIncome":111196400,"comprIncAttrP":111196400},{"secID":"601368.XSHG","publishDate":"2016-09-01","endDate":"2016-06-30","endDateRep":"2016-06-30","partyID":63637,"ticker":"601368","secShortName":"绿城水务","exchangeCD":"XSHG","actPubtime":"2016-08-31 18:45:30","mergedFlag":"1","reportType":"S1","fiscalPeriod":"6","accoutingStandards":"CHAS_2007","currencyCD":"CNY","tRevenue":561790898,"revenue":561790898,"TCogs":469372421,"COGS":295489749,"bizTaxSurchg":6737304,"sellExp":13763277,"adminExp":36269762,"finanExp":112708891,"assetsImpairLoss":4403438,"operateProfit":92418477,"NoperateIncome":39829419,"NoperateExp":194946,"TProfit":132052950,"incomeTax":20856589,"NIncome":111196361,"NIncomeAttrP":111196361,"basicEPS":0.1511,"TComprIncome":111196361,"comprIncAttrP":111196361},{"secID":"601368.XSHG","publishDate":"2016-08-23","endDate":"2016-06-30","endDateRep":"2016-06-30","partyID":63637,"ticker":"601368","secShortName":"绿城水务","exchangeCD":"XSHG","actPubtime":"2016-08-22 18:48:21","mergedFlag":"1","reportType":"S1","fiscalPeriod":"6","accoutingStandards":"CHAS_2007","currencyCD":"CNY","tRevenue":561790898,"revenue":561790898,"TCogs":469372421,"COGS":295489749,"bizTaxSurchg":6737304,"sellExp":13763277,"adminExp":36269762,"finanExp":112708891,"assetsImpairLoss":4403438,"operateProfit":92418477,"NoperateIncome":39829419,"NoperateExp":194946,"TProfit":132052950,"incomeTax":20856589,"NIncome":111196361,"NIncomeAttrP":111196361,"basicEPS":0.1511,"TComprIncome":111196361,"comprIncAttrP":111196361},{"secID":"601368.XSHG","publishDate":"2016-04-29","endDate":"2016-03-31","endDateRep":"2016-03-31","partyID":63637,"ticker":"601368","secShortName":"绿城水务","exchangeCD":"XSHG","actPubtime":"2016-04-28 18:52:43","mergedFlag":"1","reportType":"Q1","fiscalPeriod":"3","accoutingStandards":"CHAS_2007","currencyCD":"CNY","tRevenue":261897455,"revenue":261897455,"TCogs":203477906,"COGS":133699236,"bizTaxSurchg":3265938,"sellExp":5586082,"adminExp":16736619,"finanExp":42546869,"assetsImpairLoss":1643162,"operateProfit":58419549,"NoperateIncome":21008071,"NoperateExp":175776,"TProfit":79251844,"incomeTax":12165388,"NIncome":67086456,"NIncomeAttrP":67086456,"basicEPS":0.09,"TComprIncome":67086456,"comprIncAttrP":67086456},{"secID":"601368.XSHG","publishDate":"2016-09-29","endDate":"2015-12-31","endDateRep":"2016-06-30","partyID":63637,"ticker":"601368","secShortName":"绿城水务","exchangeCD":"XSHG","actPubtime":"2016-09-28 18:00:00","mergedFlag":"1","reportType":"A","fiscalPeriod":"12","accoutingStandards":"CHAS_2007","currencyCD":"CNY","tRevenue":1130339900,"revenue":1130339900,"TCogs":882955600,"COGS":578238500,"bizTaxSurchg":9273900,"sellExp":29591400,"adminExp":80055300,"finanExp":184163900,"assetsImpairLoss":1632600,"operateProfit":247384300,"NoperateIncome":34561800,"NoperateExp":2146100,"TProfit":279800100,"incomeTax":42896700,"NIncome":236903300,"NIncomeAttrP":236903300,"basicEPS":0.3577,"TComprIncome":236903300,"comprIncAttrP":236903300},{"secID":"601368.XSHG","publishDate":"2016-04-27","endDate":"2015-12-31","endDateRep":"2015-12-31","partyID":63637,"ticker":"601368","secShortName":"绿城水务","exchangeCD":"XSHG","actPubtime":"2016-04-26 19:26:43","mergedFlag":"1","reportType":"A","fiscalPeriod":"12","accoutingStandards":"CHAS_2007","currencyCD":"CNY","tRevenue":1130339898,"revenue":1130339898,"TCogs":882955550,"COGS":578238481,"bizTaxSurchg":9273895,"sellExp":29591361,"adminExp":80055329,"finanExp":184163918,"assetsImpairLoss":1632566,"operateProfit":247384348,"NoperateIncome":34561842,"NoperateExp":2146109,"NCADisploss":1872951,"TProfit":279800081,"incomeTax":42896737,"NIncome":236903344,"NIncomeAttrP":236903344,"basicEPS":0.3577,"TComprIncome":236903344,"comprIncAttrP":236903344}]}